1679 2948
722 162 1003 203 —84—

207 276 334 315 subito
362 271 660 322 exsplendescit‚
689 271 871 307 Flaccum
897 271 1030 317 aperte
1048 268 1282 304 imitatorem
1299 267 1443 318 prodit,
1470 265 1540 303 sed

207 338 385 375 dextrum
411 337 451 370 et
477 333 692 378 elegantem
709 326 758 383 ¹).
786 332 874 367 Jam
900 341 988 367 cum
1015 329 1232 374 Georgicon
1255 328 1356 366 liber
1381 329 1410 365 I.
1438 338 1539 364 anno

207 399 361 436 demum
387 407 423 431 u.
453 406 484 431 c.
513 393 597 428 719.
626 393 821 429 confectus
850 393 889 427 et
916 391 1045 427 editus
1073 389 1145 438 sit,
1181 392 1342 436 apparet
1377 389 1536 426 satiram

207 462 296 496 ante
340 468 427 493 eum
471 465 612 490 annum
663 463 741 489 non
792 452 965 500 potuisse
1009 450 1137 487 scribi.
1190 450 1280 487 Non
1328 453 1433 487 recte
1468 449 1540 496 igi-

208 523 271 556 tur
295 516 505 554 XVeichert.
533 526 570 562 p.
598 515 665 551 rel.
694 526 731 562 p.
752 514 835 550 454.
864 516 903 549 et
931 513 977 548 de
1003 513 1092 549 Var.
1121 513 1161 547 et
1189 512 1295 548 Cass.
1319 522 1357 559 p.
1377 511 1435 546 47.
1455 521 1540 547 eam

207 591 278 629 per
294 579 461 614 hiemem
488 588 522 613 a.
551 575 752 612 717—18.
773 574 1026 623 compositam
1041 573 1150 609 dixit.
1177 594 1229 600 —
1255 573 1459 609 Caeterum
1476 572 1543 619 qui

207 653 243 677 v.
273 639 357 676 101.
385 640 426 675 in
451 637 572 674 nobili
598 639 843 675 Nomentani
869 635 1064 673 consortio
1091 635 1326 670 memoratur
1352 635 1542 670 Maenius

208 697 274 754 (ut
307 702 412 737 recte
450 698 625 747 reposuit
660 698 885 746 Heindors.‚
926 696 1115 745 probante
1149 695 1374 732 Weicherto
1408 705 1445 741 p.
1472 693 1541 729 rel.

209 774 247 811 p.
276 759 409 813 321.),
437 760 615 806 egregius
644 759 707 795 ille
734 759 923 796 bonorum
951 758 1151 807 decoctor,
1178 759 1334 794 notatus
1360 755 1478 792 etiam
1503 753 1544 790 in

210 824 287 861 Sat.
318 823 353 871 1,
381 822 415 858 3.
444 821 504 857 21.
534 823 573 856 et
599 820 659 856 23.
689 821 728 855 et
755 821 867 868 epist.
897 820 932 869 1,
962 820 1019 856 15.
1049 819 1125 868 26.,
1152 819 1186 855 is
1214 820 1301 855 ficto
1328 815 1546 854 Pantolabi

209 884 364 921 nomine
392 882 564 929 carpitur
591 882 667 917 Sat.
698 881 733 928 1,
762 881 796 917 8.
827 881 908 917 11.:

410 944 494 980 Hoc
521 942 685 977 miserae
713 941 818 987 plebi
846 941 974 977 stabat
1001 951 1201 977 commune
1229 941 1460 988 sepulcrum,

413 1003 640 1041 Pantolabo
668 1013 822 1038 scurrae
850 1003 1170 1048 Nomentanoque
1197 1001 1343 1048 nepoti.

213 1069 252 1104 et
279 1066 355 1103 Sat..
383 1064 420 1109 2,
450 1065 482 1099 1.
511 1064 570 1099 22.
599 1063 640 1098 id
666 1063 767 1110 quod
795 1063 938 1099 diserte
965 1062 1239 1099 animadvertit
1266 1061 1391 1098 Schol.
1418 1060 1547 1097 Acron

213 1127 263 1165 ad
290 1126 402 1174 epist.
434 1125 478 1174 l,
509 1125 566 1160 15.
595 1123 677 1160 26.:
731 1124 936 1173 „Maenius
972 1124 1034 1160 hic
1060 1123 1296 1160 Pantolabus
1334 1121 1460 1158 dictus
1488 1123 1549 1158 est

213 1189 263 1226 ab
299 1198 366 1237 eo,
412 1186 514 1234 quod
558 1184 741 1233 quicquid
785 1185 1017 1221 afferebatur
1068 1182 1304 1231 acciperet.“
1372 1183 1473 1219 Hinc
1508 1182 1549 1218 in

214 1249 338 1287 Schol.
368 1247 417 1283 ad
444 1247 521 1283 Sat.
552 1247 587 1295 1,
616 1246 649 1282 S.
680 1246 737 1281 ll.
767 1246 952 1282 mendose
982 1245 1166 1292 scriptum
1195 1245 1377 1291 apparet:
1406 1243 1547 1292 „Mal-

214 1313 294 1349 lius
320 1307 554 1346 Pantolabus
583 1305 743 1343 scurra“
772 1302 935 1359 (Cruq.)
963 1309 1021 1342 et:
1063 1306 1184 1354 „Fuit
1217 1306 1386 1342 Mallius
1419 1304 1549 1340 Verna

213 1374 320 1408 trans
334 1369 504 1407 Tiberim
531 1368 709 1414 ingenuis
735 1368 962 1415 parentibus
989 1369 1116 1416 natus,
1145 1366 1224 1415 qui,
1252 1366 1343 1414 quia
1369 1376 1392 1402 a
1418 1365 1549 1401 multis

214 1431 419 1481 pecuniam
446 1432 618 1466 mutuam
644 1429 827 1477 rogabat,
864 1428 1097 1465 Pantolabos
1127 1431 1186 1464 est
1213 1424 1547 1473 cognominatus.“

217 1488 328 1543 (Aer.
357 1494 396 1529 et
421 1486 631 1542 Porpliyr.)
658 1500 749 1537 pro:
793 1491 995 1527 Maenius.
1020 1510 1071 1516 —
1097 1489 1275 1535 Denique
1302 1499 1394 1524 cave
1423 1487 1547 1524 collat.

216 1556 372 1590 nostrae
410 1553 549 1588 satirae
584 1563 620 1586 v.
660 1551 741 1586 101.
780 1546 1032 1601 („utm'17am
1060 1547 1267 1585 Μξιθιιίιιειι
1304 1547 1424 1600 caet.)
1461 1559 1549 1585 cum

219 1614 296 1652 Sat.
324 1613 359 1662 1,
387 1612 421 1649 8.
452 1613 510 1648 ll.
539 1612 637 1647 male
667 1612 713 1646 de
742 1613 869 1646 aetate
896 1611 1096 1658 utriusque
1133 1611 1274 1647 satirae
1302 1610 1548 1658 ratiocinere,

219 1677 259 1713 et
284 1677 459 1711 octavam
487 1675 575 1721 post
604 1672 766 1719 primam
801 1674 999 1707 exaratam
1035 1672 1151 1707 dicas.
1205 1672 1293 1708 Nou
1320 1671 1422 1707 enim
1448 1681 1549 1707 mor-

219 1736 283 1772 tui·
305 1737 344 1771 et
371 1735 532 1783 sepulti7
562 1733 629 1769 scd
656 1736 735 1769 rivi
762 1733 939 1769 Maenius
967 1729 1245 1784 (Pantolabus)
1274 1735 1312 1768 et
1338 1733 1547 1769 Nomenta-

218 1808 292 1833 nus
318 1796 360 1833 in
387 1795 505 1832 satira
532 1794 565 1831 8.
595 1794 700 1841 carpi
728 1794 922 1839 cogitandi
952 1797 1051 1829 sunt.
1103 1794 1287 1841 Alioquin
1320 1794 1439 1830 totius
1473 1793 1548 1830 loci

220 1868 381 1895 acumen
415 1856 571 1904 periret.
624 1856 706 1892 Nee
734 1855 968 1903 persuadere
996 1855 1090 1890 mihi
1128 1866 1309 1904 possum,
1336 1857 1548 1892 Maenium

220 1917 512 1963 intelligendum
540 1928 624 1952 csse
653 1916 789 1952 Lucilii
818 1916 1018 1963 aequalem
1038 1916 1180 1952 dudum
1200 1916 1433 1965 defunctum,
1461 1926 1548 1953 cum

221 1978 350 2015 ubivis
377 1979 455 2014 sere
484 1989 559 2013 una
587 1989 672 2013 cum
700 1978 741 2013 L.
763 1978 896 2014 Cassio
914 1978 1168 2026 Nomentano,
1198 1978 1357 2014 Horatio
1385 1979 1550 2026 aequali

223 2035 291 2091 (ef.
321 2039 396 2075 Sat.
425 2038 461 2087 2,
487 2038 521 2074 8.
551 2038 610 2073 23.
639 2038 697 2074 25.
727 2037 824 2090 Ga),
852 2039 893 2074 in
920 2050 1073 2075 scenam
1101 2039 1310 2085 pro-‘luctus
1337 2040 1397 2075 sit.
1425 2038 1546 2075 Immo

224 2103 263 2137 et
288 2100 371 2148 ipse
398 2099 574 2135 Maenius
601 2099 751 2135 Horatii
779 2102 904 2136 aetate
932 2100 1041 2136 vixit.
1077 2100 1283 2147 Utriusque
1311 2110 1451 2136 nomen
1476 2109 1547 2148 pro

311 2306 350 2346 1)
375 2306 544 2337 Caeterum
575 2307 705 2348 saepius
737 2308 833 2347 poeta
863 2305 1046 2339 Venusinus
1077 2307 1244 2349 Virgilium
1275 2308 1452 2340 aemulatus
1484 2311 1546 2340 est.

224 2349 272 2382 De
294 2360 324 2382 v.
350 2351 427 2382 139.
460 2351 491 2381 in
523 2351 615 2390 epist.
652 2351 692 2382 ad
723 2351 790 2382 Pis.
830 2352 998 2386 (nascetur
1021 2353 1172 2385 ridiculus
1196 2355 1280 2393 mus)
1305 2362 1345 2384 ex
1368 2352 1546 2393 virgiliano

225 2394 360 2435 (Georg.
386 2395 414 2431 1,
439 2395 514 2426 1511.
550 2396 655 2436 Saepe
687 2397 819 2435 exiguus
850 2402 936 2436 mus)
976 2399 1150 2438 composito
1186 2399 1218 2429 id
1252 2401 1389 2429 testatur
1416 2397 1545 2431 Quintil.

224 2441 300 2472 inst.
324 2449 370 2471 or.
395 2441 433 2477 8,
466 2441 496 2471 3.
527 2437 558 2480 ξ.
584 2441 637 2470 20.
661 2459 704 2463 -
737 2441 776 2471 cf.
802 2441 871 2471 Sat.
896 2441 933 2478 2,
965 2444 996 2472 5.
1020 2443 1052 2474 8.
1077 2446 1109 2474 et
1133 2442 1245 2483 Virgil.
1269 2442 1327 2474 ccl.
1352 2443 1390 2479 7,
1422 2442 1476 2474 42.
1499 2457 1545 2465 --

226 2484 277 2515 od.
302 2485 339 2523 3,
363 2484 394 2516 4.
417 2485 450 2515 7.
476 2488 508 2516 et
531 2484 631 2524 eclog.
658 2484 715 2520 10,
748 2484 800 2515 58.
823 2502 868 2507 —
892 2485 942 2515 od.
967 2485 1005 2520 1.
1036 2486 1066 2518 1.
1092 2487 1111 2518 6
1136 2491 1168 2518 et
1191 2488 1269 2518 Aen.
1294 2487 1332 2524 1,
1356 2486 1432 2519 282.
1462 2486 1543 2517 Dan.

223 2527 346 2568 Denso,
370 2528 494 2569 Virgilii
517 2529 658 2560 aemulus
680 2528 846 2560 Horatius.
869 2528 1048 2561 Vismariae
1071 2530 1169 2563 1760.
