1643 2959
683 219 966 262 —213—

423 329 688 379 Breunosque
711 331 888 380 veloces,
916 332 956 367 et
981 340 1090 368 arces

470 390 637 439 Alpibus
662 391 864 440 impositas
890 391 1102 428 tremendis

356 451 510 498 Dejecit
535 463 624 490 acer
649 454 735 501 plus
762 453 847 490 vice
874 453 1050 501 simplici.

157 513 204 551 In
236 513 296 550 his
333 514 512 551 Genanni
548 516 587 550 et
621 514 768 551 Breuni
801 515 851 552 ad
883 514 1171 552 vindelicorum
1206 515 1340 560 gentes
1374 514 1488 552 relati

158 576 268 624 sunt3
295 574 336 611 id
361 575 466 623 quod
491 576 665 612 fecerunt
690 576 808 613 etiam
841 576 1001 614 Ptolem.
1030 576 1074 626 2,
1103 576 1163 612 13.
1191 578 1231 612 et
1256 573 1381 613 Strab.
1407 575 1433 613 1.
1459 575 1486 613 l.

156 632 219 686 (οἳ
244 631 288 674 δὲ
317 632 563 674 Οὐινδελικοῑ
587 638 654 675 καὶ
678 636 859 690 Νωρικοῑ
884 635 952 685 τὴν
985 634 1093 682 ἐκτὸς
1119 639 1349 688 παρωρείαν
1374 637 1488 674 κατέ-

151 706 269 747 χουσι
294 694 339 735 τὸ
373 697 495 735 πλέον
526 695 627 747 μετὰ
662 698 850 751 Βρεύνων
882 700 947 736 καὶ
972 697 1231 750 semmam).
1291 697 1368 734 Sed
1401 709 1488 736 cum

154 758 273 796 iidem
298 759 433 807 populi
457 759 500 795 in
525 759 778 808 inscriptione
805 772 826 797 e
852 762 1013 808 tropaeo
1038 759 1218 810 Alpium,
1253 759 1358 808 quod
1383 760 1419 797 S.
1447 759 1488 797 P.

155 820 201 863 Q.
228 819 275 857 R.
301 822 462 868 propter
487 820 587 856 hanc
612 821 739 868 ipsam
757 820 1046 868 expeditionem
1062 822 1239 867 Augusto
1255 831 1384 858 annno
1400 821 1486 858 742.

155 880 376 930 constituit,
418 891 442 916 a
466 880 592 918 Plinio
620 883 774 917 servata
799 881 842 916 in
866 880 958 916 hist.
984 883 1063 916 nat.
1092 882 1140 930 3,
1168 881 1227 918 24.
1269 881 1311 918 in
1344 881 1487 919 Vinde-

152 941 238 979 licis
263 952 343 978 nou
367 944 638 991 numerentur,
669 941 772 978 inter
796 941 904 990 ipsos
930 941 1124 978 Romanos
1159 941 1232 978 hac
1267 941 1315 978 de
1341 954 1384 979 re
1408 953 1487 980 non

154 1003 248 1039 satis
283 1002 504 1039 constitisse
545 1003 710 1041 videtur.
760 1002 858 1039 Plin.
894 1002 918 1039 1.
952 1002 977 1038 l.
1012 1002 1156 1039 Raetos
1192 1005 1232 1039 et
1264 1002 1486 1042 Vindelicos

153 1064 194 1100 in
219 1064 359 1101 multas
387 1064 563 1100 civitates
591 1063 737 1101 divisos
765 1074 852 1100 esse
880 1062 984 1100 dicit.

253 1121 301 1178 b)
330 1125 511 1163 Tiberius
545 1126 674 1162 Druso
711 1125 752 1161 in
779 1125 966 1161 auxilium
995 1124 1138 1161 missus
1171 1125 1320 1164 Raetos
1345 1124 1485 1164 deinde

153 1186 266 1237 vicit,
294 1186 335 1224 id
362 1185 466 1234 quod
493 1187 739 1223 confirmatur
765 1186 863 1223 odae
892 1187 950 1223 14.
979 1197 1035 1222 vs.
1065 1186 1112 1223 14
1140 1196 1218 1234 sq.:

351 1247 490 1294 Major
514 1249 726 1286 Neronum
751 1258 852 1286 moa·
878 1258 994 1294 grave
1021 1246 1211 1295 proelium

420 1309 643 1359 Commisit,
669 1310 934 1357 immanesque
959 1309 1109 1346 Raetos

466 1371 663 1420 Auspiciis
690 1371 840 1419 pepulit
866 1370 1058 1407 secundis.

251 1429 295 1486 c)
333 1432 517 1471 Horatius
544 1443 623 1469 non
649 1432 774 1470 solum
808 1442 951 1469 annum
977 1431 1085 1480 739„
1121 1440 1197 1479 quo
1232 1432 1365 1468 contra
1390 1431 1483 1469 Vin-

153 1494 296 1533 delicos
324 1496 364 1531 et
389 1495 533 1532 Raetos
560 1496 792 1544 pugnatum,
820 1492 890 1530 sed
912 1493 1029 1529 etiam
1055 1491 1159 1529 diem
1176 1503 1252 1541 quo
1269 1491 1371 1529 bello
1396 1492 1484 1530 finis

150 1556 355 1604 impositus
382 1557 461 1605 est,
487 1556 693 1604 perspicue
726 1554 912 1593 indicavit
944 1554 986 1591 in
1019 1565 1133 1591 carm.
1163 1554 1221 1592 14.
1246 1553 1482 1592 Probaturus

150 1618 254 1654 enim
279 1616 478 1655 Tiberium
503 1617 666 1667 vicisse,
694 1617 798 1665 quod
813 1618 1011 1663 Augustus
1042 1616 1174 1664 copias
1209 1614 1246 1653 ei
1279 1614 1481 1653 consilium

148 1681 332 1729 Deosque
359 1689 450 1716 suos
475 1678 720 1729 praebuerit,
746 1678 801 1715 ita
827 1678 931 1715 canit
957 1689 981 1714 a
1005 1689 1041 1714 v.
1069 1677 1152 1714 34:

613 1761 664 1769 —
714 1740 836 1790 Nam,
861 1739 933 1777 tibi
959 1749 1039 1788 quo
1066 1740 1130 1777 die

415 1800 553 1841 Portus
579 1801 826 1839 Alexandrea
851 1800 1016 1848 supplex

464 1863 517 1900 Et
541 1874 703 1900 vacuam
728 1862 912 1911 patefecit
937 1860 1085 1910 aulam,

349 1923 523 1962 Fortuna
548 1925 675 1962 lustro
700 1934 888 1972 prospera
910 1924 1025 1961 tertio

349 1984 449 2022 Belli
475 1985 664 2022 secundos
690 1984 860 2023 reddidit
885 1983 1036 2033 exitus,

412 2045 661 2096 Laudemque
688 2048 728 2084 et
753 2047 928 2095 optatum
953 2043 1120 2093 peractis

463 2107 641 2157 Imperiis
669 2108 786 2146 decus
813 2106 1017 2154 arrogavit.

150 2171 237 2214 Quo
253 2168 317 2207 die
333 2169 451 2216 igitur
467 2169 665 2217 Augustus
682 2170 805 2207 victor
818 2167 1022 2206 intraverit
1037 2164 1325 2216 Alexandriam,
1340 2164 1475 2204 eodem

150 2232 214 2270 hie
251 2231 394 2269 dicitur
429 2232 520 2278 post
550 2231 626 2269 XV
658 2242 780 2268 annos
818 2230 1081 2279 privignorum
1119 2239 1238 2278 opera
1275 2226 1474 2274 subegisse

149 2292 305 2330 Raetos.
356 2291 477 2340 Atqui
501 2292 642 2330 scimus
667 2292 942 2330 Alexandriam
975 2293 1126 2340 captam
1159 2301 1245 2327 esse
1277 2290 1476 2336 totamque

151 2354 373 2402 Aegyptum
398 2353 440 2390 in
465 2354 599 2402 populi
623 2354 787 2391 Romani
811 2355 1044 2402 potestatem
1069 2352 1222 2390 venisse
1239 2362 1349 2389 anno
1367 2349 1470 2387 724.

152 2410 250 2465 (Dio
274 2414 346 2465 51,
374 2410 476 2468 19.),
503 2416 544 2452 et
569 2415 725 2464 quidem
748 2426 885 2453 mense
916 2416 1060 2457 Sea-tili
1084 2410 1284 2466 (Macrob.
1319 2412 1469 2449 Saturn-

154 2475 192 2525 1,
219 2473 313 2528 13.).
364 2476 467 2523 Ergo
494 2478 645 2514 constat
668 2476 813 2514 bellum
834 2476 1036 2513 Raeticum
1058 2475 1206 2512 finitum
1223 2484 1308 2511 esse
1333 2473 1474 2511 eodem

153 2546 291 2574 mense
315 2540 416 2576 anni
442 2539 546 2576 739.
575 2535 672 2591 (Dio
701 2538 806 2576 Cass.
833 2538 881 2575 55
885 2566 902 2585 ,
928 2537 963 2575 6.
990 2536 1101 2588 [ann.
1128 2534 1253 2588 746.]:
1279 2532 1329 2572 τά
1344 2545 1386 2571 τε
1401 2530 1473 2570 τοῦ

153 2600 362 2650 πωμηρίου
396 2596 488 2651 ὅρια
521 2596 710 2649 ἐπηύξησε
735 2600 801 2638 καῖ
833 2597 901 2639 τὸν
925 2599 1030 2648 μῆνα
1054 2596 1122 2638 τὸν
1137 2594 1363 2642 Σεξστίλιον
1377 2590 1470 2633 ἔπι-
