1643 2959
706 302 760 308 --
809 279 992 319 180—

188 392 251 427 tur
274 410 324 419 ——
348 391 555 439 propterea
587 387 725 435 opinor
759 387 863 435 quod
897 388 936 423 et
970 385 1105 432 Valgio
1140 386 1180 421 et
1214 386 1390 423 omnibus
1417 387 1510 422 satis

189 452 364 498 cognitae
391 451 501 485 erant
525 471 575 476 -—
601 451 640 485 et
665 459 758 485 vero
785 449 901 484 etiam
927 447 1103 484 diversae
1139 448 1229 482 sunt
1261 445 1309 483 ab
1337 447 1386 483 iis
1413 457 1511 495 quae

187 513 301 561 paulo
327 511 416 558 post
445 511 665 556 tanguntur.
718 510 822 555 Ergo
849 508 1071 555 conjectura
1096 509 1246 544 tantum
1280 508 1511 556 assequaris,

187 584 285 621 quae
311 581 412 608 nova
436 570 512 607 ista
537 570 705 617 Augusti
731 572 892 618 tropaea
917 569 1071 606 fuerint.
1131 568 1285 606 Deinde
1320 577 1418 615 quae
1453 579 1512 604 se-

185 634 353 680 quuntur
379 631 472 668 satis
497 631 661 668 obseura
688 633 787 668 sunt.
838 631 938 668 Nam
962 632 1081 668 Medo
1099 629 1272 676 flumine
1294 627 1338 664 in
1362 627 1514 664 univer-

189 705 272 730 sum
311 693 543 730 denotantur
579 704 642 729 res
680 692 906 741 Parthicae,
958 694 998 728 et
1035 690 1182 737 rigidus
1221 691 1285 726 ille
1323 691 1516 737 Niphates

186 765 266 791 non
290 754 417 791 minus
445 765 560 802 quam
585 754 653 802 qui
680 754 720 790 in
745 754 819 790 fine
846 754 1192 790 commemorantur
1210 751 1354 789 Geloni
1378 753 1422 787 ut
1447 750 1515 787 du-

187 815 291 852 biam
316 815 462 852 habent
488 815 806 864 explicationem,
841 815 896 850 ita
922 813 971 850 ad
997 816 1172 861 tempora
1198 812 1414 849 definienda
1438 822 1518 848 non

186 877 348 913 multum
374 878 585 913 conferunt.
636 875 864 912 Perdifficile
890 874 995 911 dictu
1022 876 1101 923 est,
1130 874 1223 922 quid
1244 875 1416 921 Niphate
1441 872 1516 909 sibi

188 938 353 974 voluerit
378 939 506 984 poeta.
559 936 795 984 Interpretes
831 935 987 982 quidem
1011 936 1238 971 Armeniam
1264 934 1516 981 significatam

189 1010 274 1035 esse
302 999 512 1035 autumant.
565 998 712 1034 Vereor
737 999 868 1032 tamen
893 998 936 1031 ut
960 998 1077 1031 recte.
1129 996 1230 1032 Nam
1255 996 1421 1043 primum
1437 995 1515 1032 Ho-

188 1060 309 1096 ratius
334 1059 532 1105 Niphaten
557 1067 636 1092 non
661 1056 815 1092 videtur
840 1056 1078 1091 intellexisse
1113 1061 1305 1106 montem,
1339 1056 1409 1092 sed
1429 1056 1517 1102 flu-

188 1122 309 1157 vium.
359 1118 502 1156 Nescio
537 1117 640 1153 enim
674 1128 724 1153 an
760 1115 999 1153 subabsurde
1035 1116 1179 1153 dictum
1213 1117 1284 1154 sit:
1319 1119 1516 1153 cantemus

187 1182 364 1229 riyidum
390 1183 563 1216 momem
587 1179 659 1227 N.;
688 1178 884 1224 eleganter
900 1188 993 1213 vero
1020 1179 1058 1213 et
1085 1178 1291 1215 concinne:
1319 1180 1517 1216 cantemus

188 1241 302 1288 rigid.
329 1240 527 1288 Niphaten
544 1235 747 1291 (fluvium)
766 1238 998 1286 Medumque
1017 1240 1159 1274 flumen
1176 1239 1343 1276 minores
1361 1240 1516 1275 volvere

189 1302 370 1339 vortices.
422 1301 509 1343 Qua
543 1300 589 1336 de
624 1311 666 1336 re
702 1300 815 1347 plane
844 1299 1034 1336 assentior
1060 1300 1376 1337 Mitscherlichio.
1429 1301 1516 1337 Jam

192 1363 225 1400 si
251 1362 410 1399 fluvium
435 1363 618 1398 Horatius
645 1361 782 1397 habuit
808 1360 1026 1409 Niphaten,
1054 1361 1095 1396 in
1120 1361 1268 1397 incerto
1286 1363 1358 1410 est,
1386 1371 1516 1408 quam-

190 1435 281 1460 nam
306 1425 450 1459 terram
484 1422 698 1468 significare
734 1422 910 1458 voluerit.
971 1422 1071 1459 Nam
1096 1421 1286 1469 Niphates
1314 1421 1470 1469 fluvius
1494 1434 1518 1458 a

190 1484 420 1532 geographis
438 1493 629 1530 nusquam
646 1485 890 1519 memoratur.
919 1483 1042 1519 Schol.
1071 1482 1228 1520 Acron:
1249 1484 1518 1533 „Scylhiae

184 1546 359 1593 fluvium
363 1573 380 1594 2
405 1544 553 1593 inquit,
578 1545 758 1592 plerique
779 1543 998 1581 Armeniae
1022 1548 1195 1581 montem
1216 1546 1402 1591 ριιῖιιηε.υ
1439 1545 1518 1581 De-

190 1606 281 1642 inde
309 1616 355 1641 eo
381 1606 530 1642 facilius
549 1605 599 1640 ad
616 1616 701 1641 eam
719 1616 781 1641 me
799 1605 941 1641 inclino
969 1605 1220 1652 sententiam,
1247 1607 1291 1640 ut
1316 1605 1517 1642 Horatium

191 1666 346 1703 credam
379 1677 451 1702 nec,
486 1668 590 1702 certo
625 1665 820 1711 cognitum
860 1665 1176 1713 exploratumque
1212 1665 1415 1716 habuisse,
1451 1666 1518 1702 ubi

191 1729 381 1763 terrarum
406 1726 594 1774 Niphates
622 1726 761 1762 fluvius
789 1728 914 1776 esset,
941 1737 1035 1775 nec,
1062 1726 1097 1762 si
1121 1726 1343 1763 Armeniam
1370 1727 1425 1763 ita
1452 1727 1516 1763 de-

193 1787 380 1836 signavit,
409 1787 600 1832 singulare
616 1787 773 1834 aliquod
799 1789 837 1823 et
855 1787 1103 1823 memorabile
1122 1788 1265 1824 factum
1282 1788 1516 1837 respexisse,

192 1859 269 1896 quo
294 1848 417 1894 magis
443 1848 538 1884 mihi
564 1859 792 1896 persuasum
819 1850 899 1897 est,
931 1850 1054 1884 totum
1079 1849 1206 1885 locum
1232 1860 1281 1885 ex
1306 1849 1517 1895 Virgiliano

191 1909 234 1945 in
261 1910 400 1955 Georg.
428 1909 473 1958 3,
501 1908 562 1945 31.
590 1909 757 1945 effictum
783 1920 883 1945 esse.
933 1909 1032 1945 Vide
1051 1909 1178 1959 modo,
1206 1914 1350 1957 quanta
1367 1910 1517 1947 Horatii

192 1969 367 2006 versibus
394 1969 605 2006 similitudo
631 1969 845 2006 intercedat
872 1981 958 2006 cum
983 1970 1204 2016 Virgilianis
1230 1971 1313 2009 his:

390 2030 544 2067 Addam
569 2030 684 2066 urbes
711 2030 827 2067 Asiae
856 2030 1039 2081 domitas,
1065 2032 1292 2080 pulsumque
1318 2033 1516 2080 Niphaten

390 2091 669 2138 Fidentemque
693 2089 798 2140 fuya
822 2093 1020 2129 Parthum
1046 2093 1243 2141 versisque
1271 2094 1432 2139 sagittis.

391 2152 442 2189 Et
469 2154 548 2190 duo
573 2157 695 2199 rapta
720 2164 836 2189 manu
864 2153 1017 2190 diverso
1044 2165 1093 2190 ex
1119 2154 1228 2191 hoste
1253 2159 1422 2200 tropaea

391 2212 534 2259 Bisque
559 2213 814 2260 triumphatas
841 2216 1004 2262 utroque
1032 2214 1081 2250 ab
1105 2215 1216 2250 litore
1243 2215 1388 2259 gentes.

195 2271 295 2309 Hinc
321 2273 418 2308 nihil
445 2273 572 2309 tribuo
597 2273 811 2322 Niphatae‚
847 2284 961 2321 quem
986 2284 1009 2309 a
1035 2273 1195 2319 Virgilio
1221 2275 1415 2310 mutuatus
1442 2277 1512 2310 est.

194 2333 246 2370 Et
271 2332 468 2369 obscurior
493 2334 648 2371 omnino
675 2333 757 2379 eJus
785 2335 1095 2370 commemoratio
1121 2337 1200 2383 est,
1229 2345 1342 2382 quam
1367 2336 1410 2370 ut
1434 2335 1512 2370 Ho-

195 2393 316 2431 ratius
350 2404 396 2429 ea
429 2395 601 2440 tetigisse
635 2394 740 2431 credi
773 2396 917 2444 possit,
958 2406 1057 2442 quae
1091 2406 1126 2431 a.
1156 2396 1239 2432 734.
1267 2398 1376 2442 gesta
1401 2396 1512 2432 claris

196 2453 326 2491 verbis
352 2454 408 2490 ita
434 2453 638 2503 descripsit
665 2456 705 2492 in
731 2457 842 2505 epist.
874 2457 916 2505 1,
946 2457 1003 2492 12.
1032 2456 1080 2492 26
1107 2467 1184 2504 sq.:

347 2514 538 2551 Cantaber
563 2516 780 2567 Agrippae,
812 2518 957 2555 Claudi
980 2519 1124 2555 virtute
1148 2519 1321 2556 Neronis

345 2574 560 2613 Armem'us
585 2578 743 2623 cecidit,-
768 2576 829 2622 jus
855 2578 1132 2625 imperiumque
1159 2578 1342 2616 Phraates

348 2635 521 2673 Caesaris
548 2636 695 2685 accepit
720 2637 880 2684 genibus
906 2638 1040 2676 minor.
1068 2660 1117 2667 —
