1643 2959
706 250 983 292 ——146—

180 363 337 413 imperii
362 359 596 400 restituendi
631 358 957 407 confirmandique
992 356 1203 406 repositam
1235 357 1425 397 haberent
1449 358 1510 395 fir-

179 426 403 462 missimam.
463 422 615 469 Repeto
654 420 722 457 isti
761 420 929 469 tempori
969 419 1043 456 soli
1082 419 1371 457 accomodatum
1409 432 1510 470 esse,

177 485 283 535 quod
310 483 546 521 Octavianus
574 481 715 518 dicitur
745 483 935 520 Caesaris
958 482 1088 530 ultor,
1122 490 1199 528 quo
1225 480 1374 517 facilius
1399 481 1511 518 refel-

179 549 328 595 lantur,
355 544 422 592 qui
449 543 563 580 odam
589 545 657 579 aut
682 542 732 579 ad
758 554 792 580 a.
821 543 907 579 727.
943 544 1010 578 aut
1043 541 1203 578 immani
1237 551 1367 578 errore
1401 542 1451 578 ad
1475 553 1510 578 a.

180 608 264 644 732.
299 606 511 654 profer-unt.
570 606 632 642 De
666 616 699 641 a.
736 604 820 641 732.
857 602 1020 650 cogitari
1054 603 1168 651 plane
1206 602 1354 650 nequit.
1412 603 1513 640 Nam

172 669 235 704 illi
261 666 380 704 aetati
406 665 587 703 carminis
614 666 718 703 color
743 665 900 702 minime
929 664 1119 701 convenit.
1171 663 1267 706 Quis
1289 674 1374 700 non
1398 664 1511 701 mire-

176 732 261 779 tur,
289 730 332 765 ut
357 739 476 764 unum
503 727 681 777 afferam,
716 727 883 773 Augusti
910 725 1171 774 expeditionis
1208 725 1252 761 in
1283 725 1512 774 Hispaniam

178 801 267 827 ann.
295 789 496 826 728—30.
534 791 737 836 susceptae
771 789 917 825 nuliam
950 787 1189 824 mentionem
1221 788 1363 823 factam
1398 783 1512 823 esse?

177 852 276 895 Quis
313 851 446 888 eredat
480 850 685 886 Horatium
719 860 807 886 ann.
845 849 930 886 732.
967 852 1047 885 tam
1082 849 1215 896 inepte
1250 848 1510 896 quaesivisse:

169 913 301 963 „Quis
337 912 522 960 eoepz'abz'c
553 905 810 959 populum&
844 922 932 947 eum
961 910 1045 956 jam
1079 921 1113 946 a.
1155 909 1240 945 727.
1277 909 1402 945 omnis
1441 920 1510 957 po-

174 976 298 1010 testas
325 984 446 1020 penes
473 973 693 1018 Augustum
720 968 863 1007 suerit‘ss
899 968 997 1023 (Dio
1024 971 1094 1020 53,
1131 971 1190 1006 17.
1226 968 1331 1008 οὕτω
1363 969 1437 1019 μὲν
1463 966 1511 1016 δὴ

174 1035 278 1079 τό,τε
303 1033 374 1070 τοῦ
401 1029 530 1081 δήμου
565 1033 631 1068 καὶ
656 1029 700 1068 τὸ
736 1031 804 1079 τῆς
838 1033 1049 1082 γερουσίας
1083 1030 1226 1081 κράτος
1259 1031 1337 1068 πᾶν
1370 1027 1409 1076 ἒς
1441 1028 1512 1068 τὸν

173 1092 414 1143 Αὔγουστον
446 1093 613 1142 μετέστη
639 1093 706 1130 καῖ
745 1091 818 1130 ἀπ’
855 1091 979 1130 αὐτοῦ
1014 1093 1080 1129 καῖ
1118 1088 1282 1145 ἀκριβὴς
1313 1093 1512 1142 μοναρχία

172 1153 372 1207 κατέστη.)

272 1217 409 1264 Neque
435 1217 564 1252 minus
598 1216 781 1252 falluntur
821 1215 886 1262 qui
926 1226 1081 1252 carmen
1120 1227 1154 1252 a.
1195 1215 1281 1251 727.
1323 1215 1509 1263 scriptum

175 1289 262 1316 esse
296 1280 447 1325 putant.
500 1278 601 1315 Nam
640 1277 793 1315 Tiberis
829 1288 862 1313 a.
893 1276 976 1312 727.
1019 1279 1107 1324 post
1145 1277 1348 1324 intumuit,
1393 1287 1508 1324 quam

175 1341 320 1377 Caesar
345 1339 515 1385 Augusti
541 1338 699 1375 nomine
727 1337 938 1383 insignitus
964 1338 1049 1374 fuit.
1077 1334 1176 1390 (Dio
1202 1338 1265 1387 53,
1294 1337 1353 1374 16.
1380 1340 1420 1373 et
1444 1337 1506 1374 20.

163 1398 401 1449 Αὔγουστος
438 1399 512 1449 μὲν
539 1395 586 1447 δὴ
615 1399 636 1436 ὁ
664 1398 844 1447 Καῖσαρ,
871 1395 1006 1450 ὥσπερ
1046 1396 1177 1445 εἷπον,
1212 1395 1506 1448 ἐπωνομάσθη,

172 1462 239 1498 καῖ
262 1458 373 1511 αὐτῷ
399 1462 562 1509 σημεῖον
597 1459 643 1497 οὐ
678 1457 847 1510 σμικρὸν
880 1458 1037 1506 εὐθὺς
1070 1462 1185 1498 τότε
1223 1459 1305 1508 τῆς
1330 1457 1508 1506 νυκτὸς

171 1518 393 1571 ἐπεγένετο·
429 1521 451 1560 ὁ
477 1520 569 1572 γὰρ
601 1521 807 1574 Τίβερις
833 1521 1117 1569 πελαγίσας
1149 1521 1316 1560 πᾶσαν
1342 1519 1426 1570 τὴν
1459 1517 1507 1559 ἐν

171 1585 278 1629 τοῖς
312 1580 510 1628 πεδίοις
541 1582 724 1631 “Ριύμην
750 1582 1046 1632 κατέλαβεν,
1083 1581 1210 1620 ὥστε
1235 1583 1504 1621 πλεῖσθαι.

171 1645 237 1681 καῖ
263 1643 334 1681 ἀπ’
361 1642 483 1681 αὐτοῦ
509 1641 549 1680 οἱ
581 1646 762 1692 μάντεις,
807 1641 884 1681 ὅτι
918 1655 967 1680 τε
1002 1640 1081 1681 ε’πῑ
1113 1646 1240 1693 μέγα
1274 1642 1503 1692 αὐξήσει,

171 1705 253 1742 καὶ
280 1702 356 1742 ὅτι
383 1705 548 1741 πᾶσαν
574 1702 657 1751 τὴν
684 1705 834 1741 πόλιν
867 1703 1168 1756 ὑποχειρίαν
1202 1704 1321 1752 ἕξει,
1357 1707 1504 1757 προέ-

171 1775 387 1814 γνωσαν.
441 1764 653 1813 Auy'uslus
687 1767 904 1814 appellatus
940 1769 1001 1802 est
1036 1767 1229 1804 sententia
1264 1767 1307 1804 L.
1336 1768 1504 1805 Munatii

171 1827 303 1864 Planci
330 1838 353 1863 a
379 1828 517 1863 senatu
545 1827 786 1875 caeterisque
820 1827 971 1876 civibus
1008 1839 1057 1864 ex
1083 1840 1118 1865 a.
1147 1828 1182 1865 d.
1210 1829 1315 1866 XVI.
1344 1829 1501 1866 Calend-

171 1888 356 1926 Februar.
383 1899 417 1925 a.
445 1888 552 1937 727„
581 1890 624 1924 ut
650 1890 814 1925 testatur
853 1889 1090 1926 Censorinus
1128 1889 1176 1926 de
1217 1890 1279 1926 die
1314 1893 1393 1927 nat.
1420 1901 1501 1939 cap.

170 1949 231 1985 22.
260 1946 328 2001 (cs.
363 1950 519 1986 Sueton.
551 1949 640 1986 Oct.
668 1950 701 1986 7.
727 1950 861 1995 Vellcj.
889 1950 932 2000 2,
960 1948 1064 2004 91.),
1108 1952 1175 1987 aut
1214 1951 1308 1989 ldib.
1345 1953 1501 1989 Januar.

171 2012 328 2047 auctore
364 2011 504 2047 Ovidio
540 2011 582 2047 in
616 2012 720 2048 Fast.
758 2012 801 2060 1,
839 2012 923 2048 587.
953 2009 1020 2064 (cf.
1048 2012 1267 2061 interprett.
1294 2013 1409 2050 Dion
1435 2012 1498 2061 53,
1619 2038 1620 2042 ,

172 2072 231 2110 16.
258 2071 318 2108 ed.
345 2072 466 2108 Sturz.
501 2072 574 2108 vol.
601 2073 663 2110 v1.
698 2084 734 2121 p.
763 2073 810 2109 72
839 2084 895 2121 sq.
930 2076 1010 2110 not.
1049 2070 1156 2126 106.)
1208 2073 1312 2120 Ergo
1346 2072 1498 2110 Tiberis
1618 2049 1622 2139 J

168 2132 373 2169 inundavit
400 2132 436 2170 d.
463 2133 603 2170 XVIII.
630 2135 715 2171 Jan.
744 2145 778 2171 a.
805 2135 888 2172 727.
938 2134 1034 2171 Inde
1068 2135 1283 2182 praefracte
1318 2133 1499 2181 equidem
1618 2143 1619 2170 ς

170 2194 393 2238 negaverim
426 2204 581 2230 carmen
615 2194 688 2231 hoe
714 2206 815 2232 anno
843 2195 960 2232 scribi
993 2195 1179 2243 potuisse.
1229 2195 1330 2231 Nam
1363 2205 1497 2242 quam·

172 2264 287 2301 quam
312 2255 515 2291 Horatium
547 2255 639 2292 novi
672 2256 735 2292 vcl
768 2256 810 2292 in
843 2256 1076 2292 carminibus
1110 2256 1199 2303 post
1225 2266 1259 2291 a.
1288 2254 1373 2291 727.
1401 2255 1496 2292 ortis

173 2315 329 2351 Caesari
354 2315 547 2353 interdum
573 2327 651 2353 non
678 2316 862 2353 tribuisse
889 2317 1056 2364 Augusti
1082 2327 1224 2353 nomen
1241 2313 1294 2367 ⁴),
1321 2326 1400 2353 non
1427 2315 1495 2353 du-

259 2431 298 2472 4)
322 2431 363 2463 cf.
386 2431 438 2462 od.
463 2434 493 2467 3.
516 2434 570 2467 14.
593 2434 648 2466 16.
695 2434 726 2469 4.
751 2435 782 2466 2.
807 2434 860 2467 34.
907 2435 945 2471 4.
970 2436 1001 2465 5.
1032 2435 1086 2467 16.
1123 2437 1156 2466 et
1185 2433 1240 2466 27.
1275 2433 1417 2466 Schmid.
1447 2434 1493 2466 ad

171 2476 268 2518 epist.
289 2477 321 2512 2.
344 2475 376 2507 1.
400 2476 432 2508 4.
456 2478 536 2515 (vol.
560 2479 600 2509 ΙΙ.
626 2479 742 2519 p.11.)
765 2480 907 2512 Masson.
932 2480 1008 2510 hist.
1034 2480 1107 2511 crit.
1135 2478 1176 2510 V.
1198 2489 1229 2519 p.
1253 2478 1347 2511 lea:
1370 2480 1419 2517 „ll
1442 2483 1492 2511 est

171 2531 288 2552 encore
309 2520 404 2559 faux,
438 2530 500 2561 que
522 2522 602 2552 dans
625 2524 672 2553 les
695 2526 805 2554 autres
827 2524 943 2555 Livres
967 2533 1007 2555 on
1037 2527 1151 2554 trouve
1185 2526 1315 2563 pai-tout
1348 2534 1385 2555 ce
1419 2533 1490 2555 nom

171 2565 355 2605 d'Auguste.
399 2565 476 2641 Ilfn'
500 2574 522 2605 y
545 2568 595 2598 est
618 2575 680 2609 que
702 2567 783 2598 neuf
808 2568 887 2606 fois,
919 2577 959 2599 au
983 2568 1045 2599 lieu
1070 2577 1132 2609 que
1155 2568 1235 2599 celui
1260 2568 1300 2600 de
1324 2568 1446 2601 Caesar
1468 2577 1490 2608 y

171 2612 222 2641 est
243 2610 410 2642 dix-neus
440 2609 520 2641 oist'
