1679 2948
735 249 1010 294 —60—

217 365 259 398 ut
284 361 433 398 recluso
458 362 578 398 veluti
604 363 760 408 pectore
785 363 939 408 poetam
964 359 1056 397 talia
1074 360 1254 410 spirasse,
1281 363 1397 399 immo
1414 363 1536 398 totum

217 425 258 460 in
282 424 360 460 illis
386 424 503 459 fuisse
532 422 675 457 sentias
701 421 892 458 facillime.

315 484 463 527 Quodsi
487 493 566 517 non
591 484 736 518 temere
764 493 940 519 amorem
965 482 1110 528 lyricae
1135 480 1287 518 Horatii
1305 480 1433 530 poesis
1450 494 1536 519 ner-

217 557 306 582 vum
334 544 567 589 significasse
593 543 776 592 videbor,
811 554 897 580 meo
927 543 1009 589 jam
1036 543 1124 588 jure
1159 544 1247 578 utar
1268 545 1313 578 'et
1347 545 1535 592 colligam,

157 610 160 611 ’
216 617 315 655 quae
348 605 474 649 colligi
508 606 613 640 recte
649 607 802 651 queant.
854 605 1051 641 Audacter
1085 603 1186 639 enim
1221 604 1260 638 et
1294 605 1431 651 quovis
1465 615 1536 650 ego

213 668 376 715 pignore
415 664 647 702 contendere
692 666 836 715 ausim,
876 667 1092 703 Horatium
1134 667 1262 702 amore·
1299 669 1338 702 ec
1373 667 1538 702 melicae

211 729 324 776 poesi
350 737 431 763 uno
467 729 623 763 circiler
657 732 694 763 ec
728 729 865 764 eodem
903 732 1078 774 tempore
1115 727 1374 762 caladia-isse.
1426 724 1539 768 Quod

215 787 371 837 quidem
404 787 594 833 judicium
633 788 701 823 vix
738 798 875 823 vereor
907 799 956 824 ne
984 788 1069 835 quis
1091 787 1198 833 justo
1225 787 1401 834 cupidius
1428 797 1453 822 a
1476 798 1537 822 me

214 851 357 886 sactum
384 859 469 884 esse
498 849 730 885 criminetur.
783 848 883 886 Nam
908 849 963 884 nil
989 849 1161 896 profecto
1188 848 1309 894 magis
1337 849 1538 884 consenta-

214 922 344 960 neum,
373 921 487 958 quam
513 912 556 945 ut
582 912 712 959 poeta,
740 920 815 958 qua
841 912 967 945 aetate
995 911 1087 945 anni
1105 911 1240 945 euntes
1262 910 1386 959 jocos,
1413 910 1538 946 Vene-

212 984 308 1021 rem,
337 971 535 1020 convivia,
568 971 701 1006 ludum
736 971 960 1017 eripuerunt
985 973 1023 1006 et
1049 981 1125 1017 qua
1149 972 1231 1005 tota
1266 971 1347 1016 ejus
1382 969 1538 1006 vivendi
1596 976 1601 980 “

212 1034 313 1069 ratio
341 1032 512 1069 severior
537 1033 638 1068 facta
666 1033 746 1080 est,
782 1031 918 1067 eadem
944 1031 1061 1066 etiam
1086 1030 1243 1067 levioris
1278 1030 1539 1078 molliorisque

214 1094 372 1141 spiritus
401 1092 569 1129 carmina
605 1092 773 1128 scribere
812 1093 928 1128 fuerit
968 1092 1209 1138 dedignatus.
1261 1093 1348 1129 Jam
1387 1091 1539 1139 quando

208 1154 392 1202 juvenilis
418 1154 482 1190 ille
509 1153 619 1199 vigor
653 1154 848 1190 amoribus
876 1156 914 1190 et
941 1154 1176 1200 quibuslibet
1209 1152 1313 1188 vitae
1346 1153 1538 1190 liberioris

212 1215 337 1252 modis
365 1216 478 1261 aptus
514 1214 771 1265 deferbuerit,
813 1225 892 1251 non
926 1215 1062 1251 dubios
1096 1225 1166 1250 nos
1202 1225 1289 1250 esse
1324 1213 1417 1250 sinit
1442 1213 1537 1261 ipse.

214 1276 550 1322 Quadragenarius
592 1277 694 1312 enim
728 1277 765 1313 h.
795 1288 828 1313 e.
869 1276 955 1323 ipso
996 1276 1086 1312 anni
1111 1286 1147 1312 u.
1178 1287 1209 1311 c.
1237 1275 1322 1311 729.
1363 1275 1471 1311 exitu
1497 1285 1539 1310 se

213 1339 261 1375 ab
289 1337 392 1374 omni
419 1348 548 1373 amore
574 1337 740 1373 liberum
767 1340 806 1373 et
832 1348 996 1373 vacuum
1023 1338 1141 1374 fuisse
1160 1338 1326 1373 testatur
1341 1335 1538 1375 Xanthiae

212 1399 267 1435 illi
293 1399 445 1435 Phoceo
470 1398 513 1433 in
540 1409 654 1434 carm.
683 1399 719 1447 2,
749 1399 782 1435 4.
812 1399 857 1435 21
888 1409 965 1445 sq.:

411 1459 576 1495 Brachia
604 1462 643 1496 et
668 1461 815 1495 vultum
842 1461 1062 1506 teretesque
1091 1469 1198 1494 suras

410 1521 572 1568 Inleqer
596 1520 734 1570 laudo3
772 1522 859 1566 fuge
889 1519 1089 1568 suspicari,

413 1581 530 1627 Cujus
558 1584 736 1618 octavum
763 1580 971 1628 trepidavit
997 1582 1103 1616 aetas

479 1643 665 1678 Claudere
692 1644 882 1690 lustrum„

212 1705 266 1740 ita
292 1706 336 1740 ut
362 1714 462 1739 anno
488 1703 588 1752 730„
617 1715 692 1751 quo
720 1703 781 1740 od.
799 1704 833 1753 l,
855 1703 913 1739 19.
934 1705 1019 1740 orta
1045 1701 1198 1740 videtur
1225 1698 1348 1752 (obv.
1365 1702 1421 1739 10.
1442 1698 1537 1754 11.),

213 1768 317 1802 recte
345 1764 515 1813 potuerit
543 1765 710 1801 scribere
736 1776 773 1801 v.
804 1765 822 1801 1
854 1775 931 1812 sq.:

411 1826 538 1861 Mater
566 1837 680 1862 saeva
709 1826 942 1873 Cupidinum

477 1887 764 1934 Thebanaeque
787 1887 899 1933 jubet
926 1899 987 1923 me
1015 1886 1184 1923 Semeles
1211 1897 1309 1934 puer

410 1950 461 1985 Et
486 1948 630 1984 lasciva
656 1948 833 1984 Licentia

477 2011 620 2046 Fe'nilz's
646 2010 816 2045 animum
841 2008 1003 2045 reddere
1032 2010 1249 2047 amoribus.

214 2070 317 2113 Quid
344 2067 510 2106 mirum?
553 2071 701 2106 Eodem
737 2074 910 2118 tempore
938 2071 1099 2107 canities
1126 2073 1264 2118 poetae
1293 2069 1538 2123 (praecanoz

214 2132 326 2179 epist.
357 2131 392 2180 l,
420 2131 480 2167 20.
507 2131 568 2167 21.
597 2131 765 2167 Schmid.
802 2132 851 2167 ad
878 2132 1055 2180 eliist.],
1084 2132 1118 2167 Τ.
1147 2127 1231 2183 26.)
1267 2132 1462 2181 obrepsit,
1497 2134 1540 2168 ut

213 2194 322 2241 patet
348 2203 397 2228 ex
425 2193 591 2228 carmine
618 2192 707 2228 libri
734 2192 800 2228 ΙΙΙ.
832 2193 890 2228 14.
919 2193 989 2228 sub
1024 2193 1139 2228 finem
1165 2203 1198 2228 a.
1227 2192 1312 2229 729.
1341 2193 1403 2230 vel
1428 2193 1539 2230 initio

214 2254 411 2301 sequentis
440 2256 611 2302 exarato,
640 2265 738 2289 verS.
767 2253 814 2289 25
842 2263 919 2300 sq.:

412 2315 527 2351 Lenit
554 2316 758 2352 albescens
784 2315 932 2350 animos
961 2317 1131 2361 capillus

413 2372 559 2411 Litium
587 2378 625 2411 et
650 2376 759 2412 rixae
787 2375 947 2423 cupidos
975 2378 1198 2422 protervae:

410 2437 499 2474 Non
525 2448 596 2482 ego
624 2438 695 2473 hoc
724 2438 863 2473 ferrem
890 2436 1034 2473 calidus
1056 2436 1219 2483 juventa

482 2498 647 2535 Consule
673 2498 840 2546 Planco„

215 2568 284 2596 nec
312 2560 438 2596 minus
466 2570 515 2596 ex
541 2560 612 2608 eis,
640 2569 738 2607 quae
765 2559 945 2602 Quinctio
973 2570 1042 2596 suo
1070 2558 1221 2607 aequali
1237 2559 1278 2595 in
1295 2569 1409 2595 carm.
1425 2556 1462 2606 2,
1479 2557 1536 2595 11.
