1659 2948
688 217 962 258 -2-

174 330 240 365 ille
264 329 310 365 M
319 337 468 364 asson
483 335 537 363 us
542 352 558 374 ,
602 326 670 373 qui
695 327 818 362 nullis
843 336 885 361 se
910 324 1030 360 minis
1057 325 1244 363 deterreri
1273 337 1421 374 passus
1444 328 1488 364 in

173 399 348 425 censura
379 388 582 424 secundae
616 384 787 431 Bentleji
821 385 1003 420 editionis
1039 382 1276 430 (Amstelod.
1313 387 1488 437 1713),

172 459 278 497 quae
295 449 437 496 leyilur
452 449 515 483 in:
534 446 767 483 Histoire
793 440 1013 490 'critique
1039 444 1097 479 de
1115 444 1164 479 la
1189 444 1491 496 republiqne

174 511 258 546 des
283 510 465 546 lettres
498 509 611 543 tant
636 504 890 539 ancienne
923 513 1016 550 que
1041 505 1280 542 moderne
1305 505 1489 554 (Amste—

172 571 248 607 lod.
277 567 438 615 1714.)
467 567 570 601 Tom-
591 563 634 599 V.
656 573 696 609 p.
717 563 807 600 148
825 581 876 590 —
894 564 1011 612 203„
1037 563 1128 609 ejus
1152 568 1374 612 temporum
1391 578 1490 605 con·
1512 567 1531 584 f

170 631 409 667 stitutionem
434 625 567 661 dedita
593 633 716 670 opera
743 634 960 671 ayqressus
985 629 1042 661 est
1058 630 1095 662 et
1107 629 1376 673 prosperrimo
1393 639 1490 666 sue-

173 700 286 726 cessu
311 684 512 732 refutarit.
564 685 796 722 Recentiore
820 695 913 722 vero
934 690 1063 722 aetate
1081 688 1152 723 etsi
1168 697 1249 723 non
1269 685 1493 737 defuerunt,

172 750 241 797 qui
271 749 394 795 plane
419 743 599 791 Bentlejo
627 746 988 796 adstipularentur,
1021 751 1179 784 tantum
1204 751 1338 784 tamen
1373 749 1495 798 abest,

173 808 263 856 ejus
288 812 331 845 ut
354 812 576 854 temporum
602 805 779 852 definitio
798 816 1047 843 communem
1065 808 1270 844 hominum
1289 811 1494 846 doctorum

170 872 362 917 plausum
394 869 591 916 retulerit,
625 871 688 916 ut,
722 869 965 915 simulatque
988 869 1032 903 in
1059 871 1307 905 accuratiore
1330 871 1494 906 suavis-

173 931 264 967 simi
303 933 444 976 poetae
488 930 814 975 interpretatione
858 930 990 965 denuo
1033 931 1212 966 studium
1255 940 1495 978 operamque

174 993 442 1039 collocarunt,
477 991 548 1026 alii
575 999 666 1025 eam
691 992 796 1025 recte
821 999 865 1026 se
890 989 1039 1026 habere
1061 987 1291 1036 praefracte
1315 1001 1496 1038 neyaere-

172 1054 265 1100 rint,
291 1052 349 1088 uli
380 1050 465 1087 Chr.
492 1051 594 1086 Dar.
621 1051 653 1086 J
661 1051 745 1086 ani
772 1046 811 1101 3)
836 1050 878 1086 in
893 1046 1025 1096 praefi
1050 1053 1109 1087 ed.
1128 1051 1263 1087 1778.
1286 1062 1324 1097 p.
1347 1051 1497 1099 CXIV„

177 1114 247 1149 alii
272 1123 327 1149 ιη’
349 1115 468 1159 parte
491 1111 803 1157 improbaverim
827 1115 866 1147 et
879 1111 1074 1148 Mass-ono
1091 1113 1271 1148 maoeime
1289 1113 1390 1148 duee
1406 1115 1496 1148 stu-

177 1174 337 1210 duerint
351 1172 625 1218 probabiliora
642 1181 792 1208 eruere.
817 1171 974 1208 Horum
986 1173 1026 1209 in
1042 1182 1257 1209 numerum
1271 1182 1360 1209 cum
1371 1182 1497 1219 prae-

173 1235 438 1271 stantissimos
486 1233 645 1269 Horatii
698 1234 952 1281 interpretes,
1005 1233 1468 1270 Mitsclierlichium
1482 1259 1498 1281 ,

180 1296 268 1332 Car.
296 1293 767 1341 Vanam-buryium,
806 1290 1191 1341 Heindorfium‚
1229 1293 1499 1341 Jahm’um,

175 1355 244 1393 ΤῙι.
269 1355 579 1392 Schmidium
604 1355 823 1403 retulerim,
857 1358 942 1391 tum
971 1355 1318 1392 Weichertum
1351 1359 1391 1391 et
1418 1354 1500 1390 Ca-

174 1418 249 1455 rol.
274 1417 598 1464 Passovium,
637 1425 812 1463 quorum
837 1416 903 1451 ille
927 1416 972 1451 in
999 1415 1249 1463 „Poetarum
1283 1417 1501 1449 latinorum

175 1478 381 1526 reliquiis-'7
408 1476 542 1523 sLi'ps.
571 1477 705 1513 1830.
732 1474 801 1521 8.)
831 1480 868 1511 et
891 1477 933 1509 in
961 1476 1152 1518 opusculo
1179 1474 1228 1508 de
1252 1471 1297 1507 L.
1328 1472 1441 1508 Varii
1464 1477 1503 1509 et

182 1539 309 1577 Cassii
347 1537 582 1573 Parmensis
620 1537 705 1570 vita
755 1538 793 1569 et
830 1532 1077 1568 carminibus
1112 1533 1258 1578 scripto
1296 1531 1501 1579 (Grimae

180 1599 316 1638 1836.
341 1595 408 1646 8.)
452 1599 498 1633 ut
540 1597 589 1631 de
629 1595 823 1631 'universa
868 1592 1062 1629 Venusini
1101 1593 1205 1628 ratis
1237 1594 1502 1639 eoeplicatione

179 1661 321 1708 optime
345 1658 533 1704 meritus,
566 1657 625 1692 ita
649 1656 692 1691 in
718 1655 983 1700 emplorandis
1004 1657 1237 1699 poematum
1260 1655 1502 1701 temporibus
1560 1693 1571 1699 5

179 1720 340 1768 eqreyia
364 1728 448 1766 qua
470 1717 592 1764 pollet
616 1717 799 1752 doctrina
833 1718 871 1751 et
886 1712 1035 1761 judicii
1068 1715 1285 1751 subtilitate
1316 1719 1503 1751 versatus

181 1785 250 1830 est,
275 1781 338 1817 hic
363 1780 407 1816 in
434 1779 592 1815 erudita
615 1777 947 1814 commentatione
965 1777 1013 1811 de
1027 1775 1188 1812 Horatii
1211 1776 1293 1812 vita
1319 1780 1356 1813 et
1374 1780 1504 1813 aetate

183 1841 418 1888 composita,
456 1848 564 1887 quae
602 1838 860 1884 epistolarum
895 1837 1211 1882 interpretationi
1247 1837 1505 1883 qermanieae

179 1900 373 1951 praefixa
394 1904 457 1936 est
481 1898 621 1947 (Lips.
650 1897 784 1935 1838.
811 1897 852 1932 8.
864 1895 887 1943 )
891 1923 908 1945 ,
943 1898 1069 1933 eidem
1093 1898 1153 1933 rei
1173 1899 1505 1946 perscrutandae,

183 1967 229 2001 ut
249 1971 329 2010 par
346 1963 444 2008 erat,
470 1968 634 2005 operam
657 1959 770 1995 dedit.
814 1957 999 1994 Attamen
1024 1958 1066 1993 hi
1090 1967 1228 1994 omnes
1251 1959 1443 2005 quoniam
1468 1962 1506 1994 et

186 2024 345 2060 bret-ius
366 2031 441 2068 pro
467 2020 659 2056 librorum
683 2027 850 2054 suorum
872 2016 956 2062 fi'ne
989 2018 1066 2054 lias
1088 2020 1341 2065 quaestiones
1365 2020 1503 2065 tetiqe-

185 2087 281 2121 rant
303 2087 342 2120 et
363 2081 615 2128 sinyulorum
639 2079 769 2125 mayis
794 2080 1021 2115 carminum
1043 2088 1166 2125 quam
1182 2079 1375 2115 librorum
1392 2088 1503 2115 com-

184 2147 380 2191 putarant
402 2146 603 2188 tempora,
630 2149 675 2175 eo
697 2136 873 2186 profecto
898 2149 965 2175 res
991 2140 1168 2176 adducta
1193 2144 1298 2189 erat,
1325 2144 1386 2188 ut,
1412 2150 1504 2176 cum

187 2214 261 2241 nee
286 2201 455 2249 Bentleji
478 2211 552 2238 nec
576 2201 759 2237 Massoni
782 2210 856 2236 nec
881 2201 1056 2236 aliorum
1080 2202 1377 2237 constitutiones
1400 2205 1503 2238 tem-

185 2276 330 2313 porum
356 2268 430 2301 aut
452 2259 682 2308 confutatae
707 2261 868 2297 omnino
896 2265 969 2297 aut
989 2262 1176 2297 unanimi
1201 2262 1379 2298 omnium
1404 2271 1503 2297 con—

189 2329 312 2363 sens'u
337 2323 615 2372 comprobatae
640 2325 789 2370 essent,
831 2326 940 2358 certa
964 2323 1166 2369 quaedam
1197 2322 1344 2359 harum
1367 2332 1504 2359 rerum

278 2463 315 2501 3)
336 2462 406 2493 Jani
429 2462 475 2493 ita
493 2463 668 2503 judicavit:
707 2462 893 2501 Bentlejana
924 2464 1098 2503 temporum
1131 2463 1212 2494 ratio
1244 2463 1291 2494 sic
1321 2462 1505 2502 simpliciter

191 2516 296 2555 posita
319 2520 352 2548 et
373 2518 428 2548 vix
450 2519 568 2558 poterit
590 2518 669 2549 satis
693 2516 791 2549 firmis
813 2520 1010 2558 argumentis
1033 2517 1166 2555 adstrui,
1189 2527 1291 2561 neque
1315 2518 1406 2549 ullam
1430 2525 1504 2558 pro-

193 2571 388 2605 babilitatem
411 2574 517 2606 habet.
