1643 2959
656 220 939 260 —142—

138 329 199 365 ret
236 327 346 366 Iliam
383 329 554 366 nimium
590 333 821 376 querentem
860 329 1022 375 cogitari
1061 329 1171 368 brevi
1199 336 1289 379 post
1319 342 1458 371 necem

142 391 347 441 Caesaris,
375 392 415 426 et
439 388 541 425 circa
567 387 607 425 id
632 388 761 437 ipsum
786 392 940 438 tempus
966 400 1119 427 amnem
1143 391 1316 430 Tiberim
1341 394 1458 441 signi-

136 451 239 488 ficari
267 451 303 488 ei
329 451 493 486 ultorem
518 449 685 488 venisse.
704 481 719 486 ἶ,
737 451 892 490 Deinde
919 452 1114 489 sententia
1139 463 1227 490 mea
1249 454 1385 492 nescio
1408 465 1458 492 an

132 512 298 548 maxime
325 511 506 548 fulciatur
530 521 591 560 ec,
619 511 722 560 quod
747 513 881 559 Virgil.
908 514 950 550 in
976 514 1152 561 Georgic.
1178 514 1209 551 Ι.
1235 525 1292 551 VS.
1311 515 1385 551 466
1400 527 1457 564 sq.

132 583 289 619 prorsus
332 572 468 608 eadem
500 572 651 609 ratione
698 584 774 624 qua
810 575 994 612 Horatius
1035 586 1059 612 a
1106 576 1302 613 mentione
1342 575 1459 613 occisi

133 633 309 669 Caesaris
336 633 676 682 prodigiorumque
702 646 800 683 quae
827 638 960 673 secuta
985 639 1076 673 sunt
1101 637 1143 673 in
1167 637 1324 674 laudem
1342 637 1459 674 Octa-

129 694 235 730 viani
261 694 408 732 incidit.
461 696 601 732 Parum
628 695 722 733 dixi.
775 697 871 735 Tam
904 698 1024 734 mirus
1061 698 1339 735 sententiarum
1372 708 1459 734 ver·

128 753 341 804 horumque
382 767 592 793 consensus
632 759 714 807 est,
760 761 804 794 ut
842 759 1095 805 virgilianum
1133 760 1259 797 locum
1296 759 1460 798 Horatio

133 815 383 854 obversatum
409 830 495 855 esse
531 818 772 856 contendam.
825 819 870 856 Id
895 831 1049 857 rursum
1084 821 1331 868 sagacissime
1365 820 1458 857 olfe-

130 879 266 914 cerunt
292 878 430 916 Scholl.
457 879 593 917 Acron
620 881 660 915 et
690 880 807 928 C‘ruq.
834 881 884 916 ad
900 893 936 917 v.
957 882 990 918 l.
1017 881 1236 919 indicantes
1254 881 1458 919 Mantuani

126 938 226 975 vatis
251 950 399 977 versus.
451 940 591 977 Judica
615 940 720 988 ipse!
760 941 973 978 Enumerat
997 943 1181 988 Virgilius
1207 954 1231 979 a
1256 955 1292 980 v.
1321 943 1457 980 466—

125 998 211 1036 489.
237 1000 416 1047 prodigia
451 1011 550 1048 quae
578 1001 758 1037 Caesaris
790 1004 954 1038 mortem
988 1005 1123 1039 secuta
1159 1003 1260 1053 sint,
1299 999 1456 1055 (Horat.

124 1060 186 1096 od.
217 1058 389 1114 1-20.)
416 1062 478 1098 his
504 1062 607 1099 inter
631 1061 707 1098 alia
733 1073 826 1099 usus
852 1063 1005 1101 verbis:

657 1124 812 1173 „Solem
838 1124 925 1172 quis
953 1125 1083 1163 dicere
1109 1127 1247 1163 falsum

323 1181 506 1221 Audeat‘l
557 1184 627 1221 Ille
655 1185 774 1221 etiam
800 1196 935 1223 caecos
962 1187 1108 1224 instare
1135 1189 1323 1226 tumultus

321 1246 444 1294 Saepe
471 1248 624 1296 monet,
658 1246 910 1296 fraudemque
947 1250 986 1284 et
1020 1251 1156 1300 operta
1189 1251 1404 1287 tumescere

853 1309 966 1346 bella.

322 1369 391 1407 nle
419 1369 538 1406 etiam
564 1371 763 1408 eoestincto
790 1369 996 1408 miseratus
1028 1371 1204 1409 Caesare
1228 1372 1404 1423 Romam,

317 1431 415 1467 Cum
441 1434 557 1480 caput
583 1432 749 1468 obscura
774 1431 940 1468 nitidum
966 1433 1161 1479 ferrugine
1188 1434 1302 1485 texit,

315 1492 517 1540 Impiaque
543 1495 741 1530 aeternam
765 1493 978 1530 timuerunt
1004 1494 1158 1531 saecula
1183 1498 1348 1532 noctem.

317 1554 508 1603 Tempore
537 1565 768 1603 quamquam
794 1555 859 1591 illo
886 1555 1001 1591 tellus
1036 1565 1189 1603 quoque
1216 1558 1256 1592 et
1282 1567 1452 1605 aequora

851 1616 974 1664 ponti,

319 1675 591 1724 Obscoenique
619 1688 734 1713 canes
762 1677 1084 1725 importunaeque
1110 1676 1286 1714 volucres

314 1738 432 1782 Signa
460 1737 640 1774 dabant.”
666 1758 718 1768 -κ
740 1759 791 1766 -
815 1759 866 1766 —-

116 1809 151 1835 v.
181 1798 265 1835 481.
322 1799 508 1848 „Proluit
531 1799 668 1835 insano
696 1801 955 1847 contorquens
985 1800 1128 1837 vertice
1157 1800 1273 1838 silvas

314 1860 540 1896 Fluviorum
565 1872 638 1897 rex
662 1862 874 1898 Eridanus
877 1889 894 1910 2
930 1872 1163 1910 camposque
1190 1873 1263 1910 per
1288 1862 1422 1900 omnes'

316 1922 411 1958 Cum
439 1921 600 1958 stabulis
628 1924 802 1958 armenta
827 1922 954 1959 tulitfi
980 1943 1031 1950 -

114 1992 150 2017 v.
179 1981 263 2017 487.
311 1984 435 2031 „Non
463 1985 569 2020 alias
596 1986 704 2021 coelo
731 1985 961 2021 ceciderunt
983 1986 1109 2030 plura
1133 1995 1275 2023 sereno

313 2045 521 2093 Fulgura,
548 2056 620 2081 nee
648 2045 722 2081 diri
749 2045 865 2081 toties
894 2056 1023 2081 arsere
1052 2046 1264 2082 cometae.”

114 2103 212 2138 Tum
239 2104 351 2151 plane
379 2107 423 2140 ut
448 2106 581 2141 Horat.
611 2104 656 2158 (a
682 2118 717 2141 v.
746 2106 923 2142 21—24.
953 2106 1133 2155 „Audiet
1157 2109 1262 2143 ciues
1288 2109 1446 2144 acuisse

110 2162 269 2210 ferrum
295 2161 416 2218 caet.)
442 2166 492 2202 ad
518 2166 620 2203 bella
647 2167 775 2203 civilia
802 2167 941 2203 transit
967 2179 1003 2203 v.
1032 2166 1280 2203 489—497.:

314 2227 444 2275 „Ergo
472 2227 575 2264 inter
601 2239 686 2264 sese
713 2227 871 2275 paribus
900 2238 1126 2264 concurrere
1154 2227 1242 2263 telis

312 2287 507 2325 Romanas
535 2289 637 2325 acies
664 2290 805 2325 iterum
831 2288 964 2324 videre
990 2288 1174 2337 Philippi,

310 2348 392 2384 Nec
418 2351 490 2385 suit
515 2350 717 2396 indignum
745 2350 916 2399 superis,
951 2349 1012 2386 bis
1042 2349 1228 2395 sanguine
1255 2351 1390 2386 nostro

310 2409 531 2446 Emathiam
559 2413 598 2447 et
622 2412 722 2448 latos
749 2411 889 2448 Haemi
915 2410 1169 2458 pinguescere
1196 2411 1390 2457 campos.”

110 2470 223 2507 Nosti
250 2469 454 2507 Horatium
480 2481 503 2506 a
529 2483 564 2507 v.
592 2472 651 2508 25.
680 2473 730 2508 ad
758 2472 852 2508 deos
878 2482 1014 2519 preces
1033 2471 1191 2508 fundere
1210 2473 1249 2506 et
1266 2471 1307 2507 in
1325 2472 1439 2508 Octa-

111 2532 218 2567 viani
243 2530 379 2568 laudes
406 2542 620 2579 erumpere.
673 2531 776 2574 Quid
802 2532 1004 2576 Virgilium
1038 2532 1175 2568 fecisse
1211 2529 1439 2569 existimas't

111 2592 287 2629 Profecto
315 2602 392 2629 non
419 2593 577 2630 fortuito
603 2592 755 2643 accidit,
785 2591 887 2640 quod
913 2603 936 2627 a
962 2603 998 2628 v.
1028 2592 1111 2629 498.
1138 2592 1194 2629 ita
1220 2595 1412 2641 perrexit:
