1643 2959
702 189 977 232 —192—

182 302 352 352 suscepit
387 299 674 349 expeditionem
700 309 734 334 a.
763 297 848 333 727.
899 296 1101 334 Remansit
1134 300 1263 334 tamen
1295 298 1337 335 in
1363 297 1501 346 Gallia,

180 377 273 403 cum
298 362 490 401 Britanni
521 361 598 397 visi
632 363 763 396 essent
787 360 941 396 mittere
973 360 1043 407 qui
1073 359 1375 405 paciscerentur
1402 354 1502 409 (Dio

180 428 249 476 53,
276 422 380 474 22),
413 431 540 468 neque
565 420 652 468 ipsa
679 419 804 456 Gallia
831 420 925 456 satis
953 421 1058 455 esset
1081 420 1229 467 pacata.
1278 419 1391 456 Anno
1415 419 1501 456 728.

181 487 303 524 simile
347 483 429 530 ejus
473 481 675 518 consilium
716 483 802 517 orta
835 481 1096 530 Salassorum,
1143 479 1423 517 Cantabrorum
1464 483 1504 517 et

179 549 364 586 Asturum
388 543 599 581 rebellione
625 542 778 579 irritum
804 542 943 579 cecidit
969 538 1067 592 (Dio
1093 541 1155 590 53,
1181 536 1276 594 25.).
1315 540 1379 578 Ad
1403 541 1503 582 hunc

179 606 366 656 temporis
392 607 578 654 tractum,
605 615 731 651 neque
759 614 871 653 vero,
899 605 943 639 ut
968 602 1175 639 commenti
1201 604 1292 638 sunt
1315 601 1504 650 interpre-

179 673 253 719 tes,
281 667 330 705 ad
356 678 390 704 a.
418 667 503 703 734.
530 666 593 702 vel
619 666 704 702 735.
732 665 926 712 pertinere
952 663 1134 701 videntur
1161 663 1361 701 Strabonis
1386 662 1505 699 verba

179 730 222 768 in
245 730 332 767 libr.
359 729 422 765 IV.
452 738 536 775 cap.
570 727 605 763 5.
633 738 671 775 p.
699 727 806 762 200.:
857 724 960 762 Νυνὶ
992 726 1064 774 μέν
1096 738 1159 762 τοι
1192 723 1271 763 τῶν
1304 719 1507 761 δυναστῶν

179 804 278 838 τινες
311 789 390 828 τῶν
424 787 575 826 αὐτόθι
606 787 865 840 πρεσβεύσεσι
897 787 962 823 καὶ
995 786 1232 839 θεραπείαις
1264 794 1508 823 κατασκευα-

181 847 447 902 σάμενοι·τὴν
472 847 575 900 πρὸς
600 848 789 899 Καίσαρα
822 845 890 885 τὸν
922 845 1126 896 Σεβαστὸν
1160 847 1315 898 φιλίαν,
1349 844 1509 892 ἀναθή-

179 913 290 964 ματά
326 925 368 950 τε
405 910 602 958 ἀνέθηκαν
635 906 674 946 ἓν
700 906 759 958 τῷ
783 908 1046 958 Καπιτωλίῳ,
1083 909 1150 945 καῖ
1189 906 1331 945 οἲκείαν
1369 902 1508 957 σχεδὸν

180 973 483 1026 παρεσκεύασαν
507 972 590 1015 τοῖς
612 969 830 1017 “Ρωμαίοις
844 967 936 1015 ὅλην
949 967 1017 1014 τὴν
1039 968 1170 1015 νῆσον.
1197 970 1244 1005 cf.
1261 969 1418 1006 Passov.
1437 968 1505 1004 vit.

180 1039 259 1074 not.
288 1035 373 1072 249.
409 1055 460 1062 -
493 1031 696 1069 Horatium
735 1031 865 1066 autem
901 1029 1130 1075 intelligitur
1165 1039 1244 1065 non
1282 1029 1358 1066 alio
1395 1029 1507 1066 facile

179 1101 354 1146 tempore
380 1096 454 1132 hoc
481 1103 635 1130 carmen
661 1091 877 1139 scripsisse,
905 1101 1019 1138 quam
1045 1102 1079 1127 a.
1108 1091 1192 1127 727.
1211 1093 1278 1128 aut
1295 1090 1395 1140 728.,
1422 1100 1509 1127 cum

181 1160 232 1198 ad
257 1159 476 1205 Augustum
499 1155 542 1191 in
568 1153 693 1191 Gallia
719 1154 1017 1189 commorantem
1051 1152 1227 1188 Britanni
1253 1153 1354 1189 ultro
1380 1151 1508 1188 misis-

182 1223 269 1258 sent
293 1221 453 1265 legatos.
507 1217 592 1259 Qua
619 1215 666 1251 de
693 1225 734 1250 re
762 1225 848 1250 cum
874 1213 1034 1249 Romam
1060 1213 1217 1249 nuntius
1251 1213 1422 1261 perlatus
1448 1223 1508 1248 es-

182 1285 256 1332 set,
284 1282 366 1317 erat
393 1289 485 1316 sane
514 1276 617 1326 quod
642 1278 758 1325 poeta
783 1276 973 1323 Augusto,
1003 1285 1025 1310 a
1051 1284 1127 1321 quo
1153 1274 1351 1322 perterriti
1375 1274 1508 1310 hostes

181 1353 317 1392 pacem
342 1341 568 1390 petiissent,
597 1338 766 1375 divinam
792 1349 883 1374 vere
911 1336 1125 1385 potentiam
1158 1335 1368 1384 tribueret,
1403 1329 1509 1372 eum-

182 1417 257 1453 que
284 1415 335 1440 ex
360 1401 607 1450 expeditione
632 1400 813 1436 reducem
830 1411 853 1435 a
869 1397 1052 1436 Romanis
1079 1399 1264 1445 tanquam
1291 1396 1406 1433 deum
1431 1395 1510 1432 eul-

182 1470 265 1503 tum
297 1465 347 1502 iri
382 1464 645 1510 auguraretur.
697 1462 779 1498 Nec
814 1461 913 1497 male
948 1461 1157 1505 auguratus
1192 1460 1262 1495 est.
1314 1458 1415 1495 Nam
1439 1457 1510 1495 im-

182 1530 339 1577 perator
365 1537 398 1563 a.
435 1525 520 1561 730.
556 1523 701 1569 insigni
735 1522 907 1559 omnium
940 1522 1200 1559 Romanorum
1235 1518 1363 1556 studio
1398 1528 1510 1555 exce-

183 1591 272 1637 ptus
300 1590 339 1624 et
364 1585 563 1635 permultis
592 1585 718 1620 denuo
746 1583 955 1620 honoribus
982 1582 1140 1618 affectus
1160 1582 1229 1617 est.
1257 1581 1365 1618 Tunc
1381 1579 1510 1628 ipsum

182 1649 333 1696 legibus
361 1647 583 1684 solvebatur
609 1642 706 1697 (Dio
733 1646 795 1694 53,
823 1645 882 1681 26.
911 1645 950 1680 et
976 1639 1072 1695 28.).

283 1711 369 1753 Quo
389 1709 477 1754 jure
504 1709 634 1743 autem
659 1707 734 1743 isto
760 1708 933 1754 tempore
961 1705 1180 1753 Britannos,
1210 1702 1345 1740 eodem
1370 1702 1509 1739 Persas

184 1771 347 1821 imperio
373 1769 544 1816 adjectos
581 1767 690 1803 dixit.
742 1767 842 1804 Nam
870 1767 952 1813 jam
986 1777 1020 1802 a.
1058 1765 1141 1801 725.
1179 1764 1435 1809 Octavianus,
1468 1763 1512 1798 ut

185 1833 340 1881 saepius
367 1830 547 1878 vidimus,
574 1828 753 1865 Parthica
779 1828 961 1873 attigerat
987 1830 1027 1864 et
1045 1829 1253 1875 propterea
1270 1827 1418 1862 tantam
1434 1824 1511 1862 Ro-

185 1904 386 1931 manorum
412 1892 555 1928 inierat
582 1890 758 1939 gratiam,
787 1891 1010 1937 tantamque
1039 1888 1200 1935 gloriam
1226 1887 1387 1924 meritus
1414 1887 1510 1935 erat,

185 1959 229 1991 ut
264 1954 386 1992 divini
420 1954 587 1989 honores
622 1952 659 1987 ei
694 1951 991 1988 decernerentur
1025 1945 1123 2002 (Dio
1157 1949 1228 1998 51,
1268 1944 1363 2000 21.).
1413 1947 1511 1984 Tum

186 2027 260 2065 per
300 2027 333 2052 a.
363 2014 447 2051 726.
489 2016 528 2050 et
567 2012 651 2049 727.
692 2012 835 2049 bellum
875 2011 1104 2049 moliebatur
1147 2012 1281 2047 contra
1315 2009 1512 2046 Orientem

187 2080 226 2114 et
253 2077 348 2114 duos
376 2075 658 2122 conscripserat
685 2074 904 2122 exercitus,
933 2084 1094 2121 quorum
1119 2072 1282 2108 alterum
1308 2070 1349 2107 in
1375 2069 1512 2106 Orien-

186 2141 266 2174 tem
299 2137 508 2185 missurus,
548 2136 711 2171 alterum
748 2135 832 2183 ipse
868 2135 1053 2171 ducturus
1089 2135 1172 2169 erat
1197 2133 1332 2168 contra
1356 2128 1510 2165 Britan-

186 2209 270 2235 nos.
328 2199 372 2236 cf.
421 2197 481 2235 od.
522 2197 565 2245 1,
619 2195 678 2231 35.
735 2196 780 2244 3,
827 2196 862 2233 3.
929 2194 1037 2232 Nihil
1090 2191 1254 2239 impedit
1307 2189 1510 2238 quominus

188 2260 284 2297 duas
331 2260 401 2296 has
444 2256 711 2306 expeditiones
751 2257 800 2293 ab
838 2255 998 2292 Horatio
1040 2255 1237 2301 respectas
1281 2263 1366 2288 esse
1408 2251 1510 2288 arbi-

187 2324 332 2358 tremur
366 2322 405 2355 et
438 2320 494 2356 ita
526 2319 745 2366 respectas,
788 2318 831 2352 ut
864 2315 1166 2364 prosperrimum
1200 2324 1331 2350 earum
1365 2312 1512 2350 exitum

189 2385 256 2420 aut
281 2380 499 2430 promiserit
525 2382 592 2417 aut
619 2378 774 2424 cognito
800 2388 877 2413 uno
913 2377 1084 2414 alterove
1119 2376 1220 2412 sacto
1254 2374 1399 2420 maJ‘ore
1427 2374 1510 2422 qui-

190 2444 290 2480 dem
298 2435 386 2488 jure
413 2440 481 2477 sed
506 2452 576 2488 pro
602 2442 805 2488 poetarum
838 2449 944 2475 more
980 2436 1209 2486 depinxerit.
1260 2435 1366 2473 Fieri
1393 2435 1511 2472 etiam

190 2504 329 2553 potuit,
356 2505 399 2539 ut
423 2512 576 2539 rumore
603 2501 731 2549 aliquo
758 2500 918 2537 Romam
944 2499 1093 2548 perlato
1109 2518 1160 2526 —-
1177 2497 1260 2533 sive
1286 2506 1402 2533 verus
1427 2495 1510 2532 sive

191 2566 309 2605 falsus
335 2564 408 2602 suit
432 2583 482 2592 -
506 2563 548 2600 in
574 2561 666 2599 talia
691 2559 881 2600 inciderit.
924 2560 1020 2604 Quis
1046 2560 1163 2606 neget
1189 2557 1291 2595 enim
1317 2560 1399 2595 tum
1424 2565 1511 2594 cum
