1659 2948
660 207 939 247 -24—

145 317 316 364 tempore
350 316 492 353 factum
527 326 627 365 esse,
661 326 739 352 non
772 314 1010 364 posteriore,
1044 314 1218 362 pluribus
1252 316 1468 354 rationibus

143 377 397 414 confirmatur.
1167 378 1177 386 ‘

241 438 411 475 Primum
437 437 539 474 enim
563 457 614 465 -
638 435 766 472 missis
793 434 878 471 aliis
904 434 1020 472 rebus
1046 456 1096 463 —-
1121 437 1230 483 patet
1253 438 1469 489 Horatium,

144 498 178 535 si
203 509 290 536 ann.
318 511 355 536 u.
384 511 414 535 c.
443 498 527 534 713.
556 497 618 533 vel
644 497 728 533 714.
756 508 892 533 versus
927 497 1054 533 facere
1089 496 1239 547 coepit,
1273 498 1375 536 intra
1400 511 1470 537 sex

141 570 263 596 annos
290 558 486 597 commode
514 558 646 595 decem
678 568 873 594 sermones
909 558 1094 594 conficere
1128 559 1313 606 potuisse.
1366 560 1470 603 Quin

142 620 281 669 etiam,
316 619 393 656 nisi
426 619 572 665 ingenii
604 619 823 655 ubertatem
858 620 897 654 et
921 619 1160 655 feracitatem
1187 621 1224 655 ei
1250 619 1470 665 abjudicare

140 680 329 730 volueris,
357 690 472 728 quam
496 682 641 729 poteris
669 680 882 717 artissimos
902 681 1112 717 constitues
1140 682 1357 729 temporum
1382 692 1470 718 ean-

140 741 279 791 eellos3
312 741 354 777 id
388 742 492 789 quod
524 742 652 790 ipsum
685 742 903 778 Bentleium
942 742 1020 778 nisi
1056 752 1117 779 me
1143 743 1240 779 fallit
1265 742 1470 792 permovit,

140 803 183 838 ut
216 802 488 841 brevissimum
522 803 682 850 singulis
715 803 826 841 libris
862 804 1045 841 confectis
1080 804 1265 853 temporis
1304 803 1471 853 spatium

139 863 356 911 assignaret
372 860 422 917 3).

142 1027 267 1067 Quippe
289 1027 526 1060 triumvirorum
549 1037 660 1068 parum
682 1028 774 1060 firma
796 1027 861 1059 fide
885 1037 956 1059 eum
985 1037 1076 1059 nemo
1107 1037 1169 1059 non
1191 1037 1265 1060 mox
1287 1032 1470 1071 erupturum

142 1072 257 1102 bellum
279 1074 499 1113 praesagiret,
522 1074 622 1104 veluti
640 1074 849 1104 communium
866 1076 1011 1104 votorum
1034 1073 1192 1113 interpres
1209 1074 1343 1115 optabat
1364 1077 1471 1115 poeta,

141 1117 177 1146 ut
207 1116 335 1148 tandem
369 1117 540 1158 aliquando
572 1118 695 1149 Caesar
725 1119 931 1149 fluctuantem
973 1117 1169 1158 reipublicae
1199 1122 1317 1150 statum
1346 1119 1472 1150 tolleret

141 1160 255 1191 victor.
300 1160 382 1193 Tum
405 1162 459 1202 qui
483 1165 766 1193 commemorantur
788 1163 1017 1203 triumphorum
1046 1165 1237 1202 apparatus,
1269 1173 1325 1194 eos
1348 1164 1471 1194 referes

140 1204 183 1235 ad
205 1215 278 1236 ann.
302 1206 388 1244 718„
412 1216 474 1247 quo
497 1207 649 1248 Pompejo
672 1208 758 1239 victo
774 1207 989 1248 Etruriaeque
1005 1208 1138 1238 tumultu
1162 1208 1274 1239 sedato
1292 1208 1471 1240 Octaviano

140 1250 250 1282 ovatio
281 1250 412 1283 decreta
442 1254 493 1282 est
522 1251 672 1290 (Sueton.
697 1253 769 1284 Oct.
793 1253 847 1283 22.
877 1251 937 1283 Dio
970 1252 1062 1282 Cass.
1085 1251 1139 1291 49,
1162 1252 1216 1284 15.
1239 1253 1329 1284 Jahn.
1352 1252 1469 1284 introd.

140 1293 229 1335 Virg.
251 1306 282 1337 p.
305 1296 457 1337 XXIII.)
501 1296 645 1336 Denique
668 1297 752 1337 quod
775 1297 853 1328 dicit
875 1307 906 1328 v.
930 1297 994 1328 509
1019 1307 1066 1337 sq.

337 1340 421 1371 Hinc
444 1344 551 1372 movet
572 1341 771 1381 Euphrates,
794 1343 880 1372 illinc
903 1341 1077 1372 Germania
1100 1341 1234 1381 bellum;

339 1385 472 1417 Vicinae
497 1387 599 1426 ruptis
620 1387 704 1417 inter
727 1397 762 1417 se
784 1387 907 1427 legibus
930 1387 1027 1417 urbes

338 1429 434 1460 Arma
456 1431 584 1467 ferunt.,

140 1471 173 1502 id
203 1473 343 1512 pertinet
372 1477 439 1505 tum
469 1475 511 1505 ad
532 1475 676 1506 infelices
700 1474 827 1505 Antonii
850 1483 974 1514 pugnas
998 1483 1068 1504 cum
1091 1473 1220 1504 Parthis
1253 1473 1364 1505 eodem
1386 1483 1469 1507 anno

140 1517 323 1548 commissas
354 1518 439 1557 (Dio
469 1519 529 1557 49,
562 1519 603 1549 25
635 1520 718 1559 sq.).
749 1522 815 1549 tum
845 1518 887 1549 ad
916 1521 1038 1553 motus,
1073 1527 1152 1557 quos
1181 1517 1334 1549 Etruriae
1363 1520 1469 1557 urbes,

139 1561 244 1601 Alpini
267 1565 300 1592 et
328 1563 446 1602 Illyrici
476 1564 583 1603 populi
621 1564 739 1603 aliique
769 1563 992 1593 excitaverant
1021 1561 1098 1599 (Dio
1123 1561 1184 1600 49,
1216 1561 1259 1593 34
1289 1563 1366 1603 sq.).
1421 1563 1470 1595 Ad

140 1615 196 1636 eos
220 1607 453 1646 componendos
484 1607 681 1637 Octavianus
711 1607 874 1647 profectus
905 1606 1001 1636 rediit
1031 1606 1162 1637 Romam
1193 1615 1266 1638 ann.
1290 1607 1365 1638 ¹719.
1389 1617 1469 1640 exe-

140 1652 218 1681 unte
247 1650 323 1688 (Dio
347 1651 407 1688 49,
432 1651 512 1691 38).
557 1651 819 1691 Expeditionem,
851 1660 944 1691 quam
974 1651 1006 1681 in
1036 1650 1233 1682 Britanniam
1263 1655 1470 1693 suscepturus

140 1697 228 1732 erat,
259 1695 493 1726 Pannoniorum
525 1698 557 1726 et
586 1696 803 1726 Dalmatarum
841 1698 955 1726 exorta
992 1695 1122 1726 rebellio
1163 1696 1335 1735 prohibuit.
1387 1697 1469 1729 Eam

140 1742 247 1770 tamen
271 1740 452 1780 respexisse
475 1740 642 1780 Virgilium
666 1743 741 1781 puto
764 1741 797 1770 in
820 1749 851 1771 v.
875 1740 928 1770 30.
953 1740 1034 1777 „tibi
1059 1740 1181 1771 serviat
1203 1741 1313 1771 ultima
1335 1741 1469 1773 Thule-'¹

140 1801 186 1806 -—
207 1783 307 1815 Liber
329 1784 510 1824 Georgicon
534 1786 573 1816 II.
596 1787 670 1825 post
698 1794 837 1826 pugnam
869 1784 995 1816 demum
1017 1784 1181 1816 Actiacam
1209 1786 1307 1826 exiit,
1330 1786 1363 1817 id
1386 1785 1470 1828 quod

141 1828 317 1860 certissime
339 1830 475 1871 probant
496 1840 544 1861 vs.
568 1828 663 1860 170.:

340 1891 384 1897 —
407 1892 450 1897 -——
473 1876 507 1904 et
528 1876 579 1911 te,
602 1874 738 1905 maxime
762 1874 899 1913 Caesar,

341 1919 401 1951 Qui
424 1928 508 1949 nunc
530 1919 681 1949 extremis
703 1919 798 1949 Asiae
816 1920 883 1958 J'am
905 1918 1008 1949 victor
1030 1917 1063 1949 in
1087 1919 1152 1949 oris

340 1963 490 1993 Inbellem
514 1964 635 1993 avertis
658 1964 810 1994 Romanis
833 1964 961 1994 arcibus
985 1963 1106 1993 Indum.

143 2006 238 2037 victis
270 2006 352 2037 enim
382 2006 518 2037 Antonio
550 2010 582 2037 et
613 2008 786 2048 Cleopatra
817 2008 932 2038 Octav.
966 2017 1023 2047 per
1046 2007 1174 2048 Syriam
1203 2008 1234 2038 in
1258 2007 1367 2039 Asiam
1389 2017 1465 2048 pro-

144 2050 246 2081 fectus
268 2050 420 2082 Parthica
444 2052 619 2091 composuit
641 2052 717 2090 (Dio
741 2051 800 2085 51,
824 2051 878 2084 18.
903 2052 993 2082 Suet.
1016 2051 1096 2091 Aug.
1120 2052 1202 2091 26.).
1245 2050 1360 2083 Eidem
1383 2055 1466 2083 tem-

142 2095 212 2135 pori
236 2096 384 2127 convenit
405 2095 561 2126 Dacorum
584 2097 701 2126 mentio
725 2106 755 2128 v.
780 2095 855 2127 497.
879 2096 966 2126 facta
989 2095 1063 2133 (aut
1079 2097 1242 2135 conjurato
1266 2096 1466 2128 descendens

142 2139 250 2170 Dacus
273 2141 313 2171 ab
337 2141 458 2177 Istro.)
511 2139 590 2170 Daci
621 2141 720 2177 enim,
753 2141 805 2180 qui
838 2140 974 2170 Antonio
1005 2149 1041 2170 se
1070 2139 1279 2178 addixerant,
1311 2141 1466 2171 tumultu-

144 2184 190 2215 ati
213 2187 302 2222 sunt,
335 2195 404 2216 eum
427 2186 455 2215 is
478 2186 647 2225 superatus
672 2187 758 2215 esset
781 2185 857 2224 (Dio
881 2184 941 2222 51,
965 2185 1151 2225 22—23.).
1173 2202 1218 2207 —-
1253 2183 1363 2217 Liber
1385 2185 1465 2217 111.

145 2229 309 2260 consectus
340 2232 372 2260 et
395 2229 499 2261 editus
523 2232 574 2260 est
596 2239 669 2260 ann.
693 2228 769 2260 724.
793 2229 843 2260 vel
867 2229 935 2260 init.
960 2239 1043 2268 seq..
1075 2232 1245 2269 antequam
1269 2229 1466 2261 Octavianus

145 2282 186 2304 ex
208 2273 284 2304 Asia
315 2275 463 2305 rediisset
494 2274 674 2315 triplicique
704 2274 862 2314 triumpho
892 2275 965 2304 acto
996 2273 1073 2311 (Dio
1097 2274 1157 2311 51,
1182 2274 1236 2305 21.
1261 2275 1356 2315 intpr.
1380 2275 1466 2305 Strz.

145 2317 200 2348 Vl.
228 2329 259 2359 p.
290 2319 343 2350 27.
374 2322 439 2349 not.
469 2318 562 2359 180.)
607 2319 718 2349 lanum
750 2318 918 2348 clausisset
947 2318 1012 2356 (cf.
1035 2328 1066 2349 v.
1089 2318 1132 2349 16
1150 2318 1298 2359 —33.)‚
1328 2320 1466 2359 itemque

145 2361 205 2394 lib.
235 2363 321 2399 IV..
352 2364 421 2403 qui,
453 2363 480 2393 si
512 2364 639 2403 genuini
670 2366 777 2393 essent
807 2373 854 2393 vs.
886 2362 951 2393 559
983 2372 1029 2403 sq.
1061 2362 1117 2401 (v.
1140 2363 1244 2403 Heyn.
1270 2364 1328 2394 vit.
1351 2364 1464 2403 721),

146 2408 328 2439 necessario
352 2407 537 2439 referendus
560 2410 646 2438 esset
667 2407 709 2438 ad
731 2417 804 2438 ann.
828 2406 904 2438 724.
950 2407 1122 2438 Caeterum
1151 2408 1204 2438 adi
1235 2408 1356 2439 Weich.
1380 2411 1464 2449 poet„

147 2452 202 2482 rel.
226 2463 256 2493 p.
280 2451 354 2483 314.
377 2455 443 2483 not.
468 2452 521 2483 26.
552 2452 592 2482 ‹le
615 2451 690 2483 Var.
722 2455 755 2483 et
778 2452 871 2482 Cass.
902 2462 932 2493 p.
959 2451 1011 2483 54.
1037 2454 1069 2483 et
1100 2455 1157 2483 not
1179 2451 1250 2489 45.‚
1275 2456 1307 2484 et
1324 2452 1464 2484 Masson-

145 2497 215 2526 Jani
239 2497 344 2537 templ.
368 2507 430 2528 res.
454 2507 484 2536 p.
510 2496 583 2528 121.

235 2541 272 2581 3)
295 2542 405 2573 Mirari
427 2541 508 2572 satis
529 2550 667 2582 nequeo,
692 2540 775 2581 quod
797 2542 887 2577 suut,
911 2541 963 2580 qui
979 2540 1145 2572 Horatium
1168 2542 1297 2582 praeter
1321 2551 1359 2572 ea
1383 2551 1464 2582 quae

147 2585 297 2617 habemus
319 2587 466 2627 poemata
488 2586 573 2618 nulla
603 2586 770 2627 scripsisse
799 2587 963 2617 autument
985 2585 1034 2625 (v.
1057 2585 1186 2618 Kirchn.
1210 2589 1332 2627 quaest.
1355 2596 1386 2628 p.
1410 2587 1464 2619 52.
