1643 2959
666 217 1022 260 ——136—s

143 329 250 365 Haeo
288 329 418 366 omnia
456 339 517 365 me
552 330 801 376 permovent,
835 331 879 364 ut
911 328 1060 375 natales
1094 328 1211 376 epodi
1247 330 1304 367 17.
1339 339 1476 366 revera

143 389 185 426 in
211 401 297 427 ann.
327 390 410 426 724.
438 390 500 425 vel
527 388 610 424 init.
640 388 838 436 sequentis
864 388 1048 425 incidisse
1076 388 1214 426 dicam.
1239 411 1291 418 —
1314 390 1471 428 Kirchn.

144 453 293 499 quaest.
322 461 358 498 p.
386 449 446 487 27.
475 447 512 500 ξ.
541 450 601 486 50.
630 460 719 487 eum
745 461 846 487 anno
873 450 957 486 722.
986 450 1210 496 assignavit.

652 846 804 925 Cap.
845 849 965 906 1V.

321 976 370 1008 De
393 977 589 1018 temporibus
614 977 728 1016 quibus
752 976 825 1007 libri
849 977 874 1007 1.
899 977 1040 1008 carmina
1063 977 1184 1019 scripta
1207 979 1281 1008 siut.

143 1164 363 1227 Venimus
397 1191 447 1228 ad
482 1191 662 1227 carmina.
716 1191 889 1235 Quorum
922 1192 963 1228 in
996 1192 1221 1229 recensione
1256 1192 1311 1229 ita
1346 1203 1476 1229 versa·

143 1240 292 1291 bimur,
322 1244 366 1277 ut
391 1242 433 1277 in
459 1252 592 1278 eorum
618 1243 770 1279 tantum
796 1245 924 1279 aetate
957 1242 1195 1290 exploranda
1221 1242 1475 1293 elaboremus,

144 1313 244 1350 quae
271 1304 489 1351 temporum
515 1303 660 1339 indicia
684 1304 747 1340 vel
774 1306 880 1340 certa
905 1304 968 1341 vel
994 1304 1113 1341 dubia
1139 1303 1350 1342 continent.
1400 1305 1477 1343 Re-

143 1363 251 1412 liqua
276 1363 379 1401 intra
405 1375 528 1401 annos
555 1364 641 1401 724.
670 1367 710 1401 et
736 1365 822 1402 730.
851 1365 997 1414 scripta
1023 1376 1109 1401 esse
1135 1365 1242 1413 puta.

246 1486 492 1522 cAmva
524 1486 588 1522 11.
633 1514 664 1536 „
673 1487 773 1524 Jam
807 1490 908 1525 satis
948 1489 1101 1526 terris„
1134 1488 1281 1535 largam
1314 1488 1476 1537 praebet

145 1547 371 1595 disputandi
405 1548 606 1585 materiem
640 1559 763 1596 eoque
797 1550 920 1595 magis
955 1550 1211 1599 implicatam,
1253 1559 1331 1597 quo
1365 1550 1476 1597 plura

144 1609 331 1656 temporis
366 1609 599 1645 adminicula
642 1609 934 1646 subministrare
977 1610 1143 1646 videtur.
1202 1611 1305 1647 Ante
1347 1611 1477 1648 omnia

145 1670 351 1706 consilium
376 1672 537 1719 poetae,
567 1681 642 1718 quo
670 1682 826 1707 carmen
853 1671 1073 1721 scripserit,
1101 1671 1379 1718 investigemus
1406 1683 1474 1709 ne-

145 1741 254 1766 cesse
290 1732 362 1768 est.
421 1731 578 1768 Nemini
613 1733 742 1768 autem
778 1733 1057 1769 sententiarum
1091 1733 1232 1769 seriem
1258 1735 1297 1769 et
1330 1744 1475 1770 nexum

145 1793 323 1828 accurate
350 1791 564 1840 pensitanti
591 1792 751 1829 dubium
778 1794 871 1843 erit,
900 1794 993 1841 quin
1018 1795 1269 1832 inhonorem
1288 1795 1477 1833 Caesar&

144 1852 359 1890 Octaviam·
391 1854 533 1889 factum
567 1853 638 1903 sit,
674 1855 740 1902 qui
775 1854 884 1891 bellis
921 1855 1097 1892 civilibus
1131 1855 1246 1892 modo
1280 1856 1330 1892 ad
1361 1857 1475 1894 finem

144 1913 341 1960 perductis
375 1914 570 1951 labentem
604 1915 801 1952 civitatem
836 1917 1005 1952 erexerit
1039 1919 1078 1953 et
1111 1917 1319 1954 instantem
1345 1917 1474 1966 perni-

145 1973 245 2010 ciem
279 1976 319 2010 et
351 1976 504 2012 ruinam
538 1978 721 2024 tanquam
756 1977 851 2014 deus
896 1977 1072 2014 tutelaris
1115 1979 1311 2015 averterit.
1372 1979 1473 2016 Satis

145 2045 358 2085 superque,
386 2036 532 2086 inquit,
559 2049 705 2085 poenas
734 2038 908 2075 dedimus
928 2039 1022 2089 (liis,
1051 2040 1195 2087 quippe
1214 2042 1294 2076 tum
1311 2042 1472 2076 naturae

144 2095 198 2145 vi,
225 2096 425 2147 grandine,
452 2099 689 2149 fulminibus,
717 2100 1036 2137 inundationibus
1064 2096 1121 2152 (v.
1152 2101 1171 2137 l
1190 2122 1241 2128 —
1257 2096 1363 2153 20.),
1389 2102 1472 2137 tum

144 2156 333 2194 bellorum
373 2159 543 2196 civilium
589 2162 717 2197 surore
765 2162 805 2198 in
853 2172 1040 2197 summam
1086 2160 1281 2197 miseriam
1329 2160 1470 2207 dejecti

145 2213 388 2272 (21—24.).
443 2221 567 2264 Quem
594 2221 730 2271 deum,
764 2224 808 2257 ut
834 2222 929 2258 haec
954 2222 1055 2257 mala
1081 2221 1237 2257 tandem
1263 2222 1471 2270 aliquando

145 2289 169 2316 a
194 2279 306 2316 nobis
321 2283 471 2317 avertat
489 2284 529 2318 et
546 2283 692 2319 scelera
710 2285 844 2319 nostra
861 2282 1012 2331 expiet,
1039 2280 1330 2320 invocabimus!
1368 2284 1470 2321 Num

144 2338 394 2387 Apollinem&
429 2353 478 2379 an
503 2341 721 2381 Venerem?
749 2355 796 2380 an
824 2340 1017 2380 Martem?
1045 2354 1094 2379 an
1120 2343 1375 2394 Mercurium,
1404 2345 1469 2393 qui

146 2401 349 2438 Octaviani
375 2413 580 2450 personam
606 2405 647 2441 in
673 2408 777 2442 terra
802 2404 928 2441 induit
955 2400 1215 2457 (25—44.)‘3
1265 2406 1345 2455 Tu,
1375 2407 1470 2444 Cae-

146 2473 230 2512 sar,
257 2463 405 2500 civitati
431 2464 625 2501 Romanae
660 2478 751 2503 vere
788 2466 883 2502 deus
918 2477 1150 2503 averruncus
1176 2466 1336 2503 venisti!
1387 2468 1471 2505 Uti·

144 2532 234 2559 nam
273 2535 360 2561 sero
377 2515 435 2560 ‘in
467 2526 636 2575 coelum,
663 2527 828 2573 patriam
855 2529 981 2576 tuam,
1015 2527 1174 2576 redeas,
1215 2527 1357 2576 diuque
1397 2529 1468 2566 sub

144 2582 270 2621 Patris
297 2587 336 2622 et
360 2585 550 2635 Principis
576 2587 731 2625 nomine
758 2587 1039 2635 triumphorum
1073 2588 1277 2637 splendore
1305 2589 1469 2627 honora-

1617 2220 1624 2294 Ξ

1616 2298 1625 2371 ³

1619 2381 1623 2401 Ι
