1643 2959
670 179 946 221 -216—

143 294 181 332 p.
209 284 293 322 475.
319 283 402 339 h.),
429 286 490 323 vel
515 285 566 322 ad
592 287 818 333 sequentem
845 282 1032 337 (Sanad.,
1065 287 1174 336 sani,
1207 289 1471 338 Vanderburg.

144 345 217 384 vol.
244 345 294 384 11.
321 358 359 396 p.
387 347 471 383 240.
501 348 541 382 et
567 345 616 383 ad
642 346 704 383 od.
734 347 792 384 14.
821 343 1001 399 aliique.)

246 468 491 506 GARMEN
514 469 640 506 XIV-
658 470 806 521 „Quae
822 481 924 509 cura
941 471 1142 509 Ραίνιιηιυ
1158 471 1201 508 in
1214 481 1290 519 quo
1303 472 1422 511 Drusi
1434 477 1475 511 et

145 530 293 569 Tiberii
317 530 478 577 gloriam
503 532 560 569 ita
584 532 784 581 praedicat
809 533 1016 583 Horatius,
1043 535 1086 568 ut
1112 532 1350 570 dexterrimo.
1382 544 1475 572 usus

146 591 396 629 conversione
431 593 654 642 primariam
688 595 771 641 ejus
807 606 984 631 caussam
1016 596 1169 642 repetat
1201 593 1251 631 ab
1285 595 1372 643 ipso
1397 597 1479 633 Au-

146 653 279 703 gusto,
314 653 425 691 brevi
451 658 541 704 post
566 656 735 693 reditum
760 657 927 702 Augusti
961 667 1011 693 ex
1046 656 1192 706 Gallia,
1228 665 1320 702 ergo
1353 657 1482 705 prima

145 715 255 762 parte
291 725 324 752 a.
362 716 446 754 741.
481 717 667 766 seriptum
701 717 869 754 videtur.
929 718 1030 755 Nam
1062 717 1139 753 nisi
1180 718 1311 754 omnia
1343 719 1481 756 fallunt

145 777 263 823 poeta
287 777 506 824 Augustum
533 779 740 828 alloquitur
764 781 920 818 Romae
941 784 1206 827 praesentem.
1250 780 1365 818 Certe
1391 791 1480 828 per-

144 837 285 875 mirum
311 842 435 889 esset,
463 840 498 878 si
523 843 613 878 ante
641 841 723 887 ejus
749 841 938 890 reditum,
967 851 1082 888 quem
1107 840 1145 876 in
1173 851 1290 880 carm.
1317 841 1352 879 2.
1378 844 1418 878 et
1443 842 1479 880 5.

147 900 358 936 communis
385 900 557 938 laetitiae
587 902 789 949 laetaeque
824 902 1127 949 exspectationis
1161 901 1353 950 interpres
1388 914 1481 940 exo·

144 961 294 1011 marat,
322 962 395 998 hoc
422 963 464 998 in
490 963 658 999 carmine
687 962 733 997 de
756 962 972 1010 „fidelibus
998 964 1206 999 desideriis
1229 965 1378 1012 quibus
1400 968 1482 1003 icta

144 1026 246 1059 esset
265 1023 431 1069 μανία»
455 1033 613 1070 prorsus
639 1022 695 1058 nil
722 1021 896 1059 dixisset.

246 1083 376 1130 Atque
410 1084 476 1120 isti
510 1083 676 1131 tempori
714 1083 859 1131 optime
895 1084 1128 1120 conveniunt
1171 1084 1302 1122 omnia
1342 1086 1482 1124 aetatis

146 1142 400 1194 adminicula,
429 1156 527 1194 quae
580 1145 739 1183 carmini
765 1145 906 1182 insunt.
951 1145 1082 1193 Ipsum
1108 1146 1322 1196 exordium,
1347 1147 1390 1184 in
1406 1159 1484 1196 quo

148 1214 172 1242 a
198 1205 234 1242 S.
263 1205 304 1242 P.
333 1207 379 1250 Q.
407 1207 451 1244 R.
479 1210 540 1243 sat
566 1206 702 1254 dignos
730 1207 896 1252 Augusti
929 1207 1138 1244 virtutibus
1173 1211 1213 1244 et
1239 1208 1386 1246 meritis
1413 1209 1483 1247 ho·

147 1275 263 1303 nores
299 1269 510 1315 excogitari
546 1271 585 1305 ct
619 1268 774 1305 decerni
808 1279 923 1316 posse
958 1270 1094 1318 negat,
1136 1279 1216 1306 non
1248 1270 1325 1306 alia
1358 1281 1409 1307 ex
1439 1282 1484 1308 re

151 1330 306 1365 enatum
333 1333 414 1380 est,
442 1331 519 1367 nisi
545 1330 649 1378 quod
674 1332 777 1366 totus
806 1331 968 1378 populus
1004 1330 1044 1367 in
1077 1330 1188 1367 novis
1216 1332 1254 1366 et
1281 1328 1485 1380 exquisitis

150 1389 361 1428 honoribus
397 1392 663 1441 inveniendis,
707 1391 846 1438 quibus
889 1395 1046 1429 ornaret
1079 1393 1318 1443 Augustum,
1354 1404 1405 1431 ex
1437 1404 1486 1432 eo

151 1452 233 1488 fere
259 1454 434 1501 tempore
461 1464 537 1502 quo
565 1453 662 1489 abiit
687 1464 809 1500 usque
838 1453 887 1489 ad
913 1453 1080 1490 reditum
1099 1464 1248 1490 summo
1265 1454 1395 1492 studio
1421 1466 1485 1493 oc-

151 1515 314 1561 cupatus
350 1517 445 1554 erat.
482 1516 526 1552 cf.
560 1514 637 1552 Dio
673 1515 778 1552 Cass.
815 1515 885 1564 54,
922 1515 979 1551 19.
1015 1517 1055 1551 et
1088 1515 1149 1552 25.
1174 1515 1268 1552 Hor.
1295 1516 1357 1553 od.
1385 1518 1423 1567 4,
1449 1517 1486 1555 2.

151 1575 197 1612 41
227 1586 284 1623 sq.
336 1577 440 1614 Dein
466 1576 594 1613 exitus
621 1576 822 1626 carminis,
850 1576 891 1612 in
908 1587 983 1624 quo
1009 1578 1133 1612 totum
1146 1579 1335 1614 terrarum
1351 1578 1485 1616 orbem

152 1638 332 1684 pacatum
360 1637 516 1686 scribit,
553 1637 704 1674 facilem
738 1637 856 1674 habet
891 1637 1135 1685 explicatum.
1186 1638 1287 1676 Nam
1319 1639 1486 1687 primum

153 1698 219 1746 qui
237 1709 273 1735 v.
293 1699 352 1734 41.
373 1700 719 1735 commemorantur
741 1699 934 1736 Cantabri
951 1698 1100 1735 subacti
1118 1702 1229 1735 erant
1245 1699 1294 1736 ab
1311 1700 1488 1750 Agrippa

154 1770 188 1795 a.
217 1759 302 1796 734.
330 1756 437 1811 (Dio
470 1760 541 1809 54,
579 1760 637 1796 11.
674 1760 766 1796 Hor.
801 1760 913 1808 epist.
945 1761 988 1809 1,
1018 1760 1075 1796 l2.
1104 1756 1201 1811 26).
1254 1760 1355 1798 Tum
1381 1761 1488 1810 quod

153 1822 318 1866 Medus,
344 1823 476 1859 Indus
500 1822 540 1858 et
564 1821 726 1870 Scythes
753 1820 932 1858 dicuntur
957 1822 1175 1868 Augustum
1201 1822 1346 1873 mirari,
1371 1823 1413 1861 id
1439 1835 1489 1862 eo

157 1885 318 1932 spectat,
350 1882 454 1930 quod
481 1894 515 1920 a.
538 1883 622 1919 734.
659 1883 800 1920 Parma·
830 1883 941 1929 signa
963 1883 1213 1932 captivosque
1234 1885 1489 1922 restituerant

156 1938 254 1994 (Dio
269 1944 330 1993 54,
345 1944 381 1980 8.
396 1944 521 1995 Strab.
538 1944 596 1981 16.
613 1955 650 1992 p.
667 1944 767 1993 748„
783 1944 818 1980 6.
835 1955 871 1992 p.
888 1944 972 1981 288.
989 1945 1071 1982 Liv.
1098 1944 1190 1993 epit.
1218 1944 1302 1983 139.
1328 1947 1486 1984 sueton.

155 2005 255 2052 Aug.
283 2005 344 2041 21.
379 2006 465 2043 Tib.
490 2007 526 2042 9.
562 2006 695 2051 Vellej.
724 2006 761 2054 2,
787 2006 848 2043 91.
883 2007 1025 2043 Justin.
1054 2007 1123 2056 42,
1150 2008 1185 2043 5.
1222 2007 1323 2044 Flor.
1353 2008 1398 2058 4,
1426 2008 1487 2046 12.

157 2065 218 2102 83.
246 2066 406 2114 Eutrop.
434 2067 471 2116 7,
497 2068 532 2104 5.
561 2067 671 2104 Oros.
699 2067 737 2116 6,
765 2067 827 2105 21.
861 2069 953 2104 Hor.
984 2068 1095 2116 epist.
1124 2068 1159 2118 1,
1190 2067 1247 2105 18.
1275 2069 1336 2106 56.
1372 2068 1484 2107 Ovid.

159 2127 276 2165 Trist.
303 2127 348 2178 2,
375 2124 505 2181 297.),
541 2128 645 2176 quod
678 2128 814 2165 eodem
847 2130 943 2166 Inde·
976 2128 1025 2166 ab
1051 2130 1228 2175 Augusto
1252 2139 1324 2176 per
1337 2129 1487 2174 legatos

161 2188 369 2226 amicitiam
406 2189 600 2238 petierant
633 2184 739 2240 (Dio
775 2191 880 2227 Cass.
915 2191 987 2239 54,
1021 2191 1058 2227 9.
1091 2189 1214 2226 Strab.
1250 2189 1308 2225 15.
1335 2199 1373 2237 p.
1398 2189 1486 2227 686.

162 2251 202 2286 et
226 2259 264 2297 p.
292 2250 376 2287 719.
429 2250 531 2287 Suet.
559 2251 643 2287 Oct.
671 2249 730 2287 21.
756 2251 915 2298 Eutrop.
936 2251 980 2299 7,
1007 2251 1043 2286 5.
1070 2250 1181 2287 Oros
1208 2249 1244 2285 6.
1263 2249 1324 2286 21.
1350 2250 1484 2288 Horat.

163 2319 278 2348 carm.
307 2321 405 2347 sace.
439 2312 498 2348 55.
535 2312 580 2348 cf.
616 2310 718 2357 Virg.
748 2312 886 2358 Georg.
915 2311 960 2360 2,
990 2310 1072 2347 171.
1100 2311 1198 2347 Aen.
1226 2311 1263 2360 7,
1290 2312 1363 2348 604
1390 2310 1485 2363 sq.)‚

164 2372 334 2422 Scythae
358 2382 471 2421 vero,
498 2373 579 2409 sivo
605 2373 832 2410 Parthorum
858 2372 1040 2419 intelligis
1076 2372 1202 2409 socios
1228 2372 1309 2408 sive
1336 2372 1486 2410 Sarma·

166 2436 226 2470 tas
242 2460 253 2482 ‚
281 2431 424 2470 dudum
449 2434 605 2470 coerciti
632 2437 742 2471 erant
769 2435 834 2483 (cs.
853 2443 952 2482 quae
971 2433 1052 2470 dixi
1066 2433 1116 2470 ad
1129 2433 1191 2470 od.
1208 2433 1245 2482 l,
1262 2433 1318 2470 19.
1333 2434 1374 2483 3,
1392 2434 1426 2471 8.
1446 2435 1485 2485 2,

165 2496 202 2532 9.
231 2495 289 2532 19.
308 2495 345 2544 3,
370 2494 432 2531 29.
459 2494 518 2530 26.
548 2495 584 2543 3,
613 2497 647 2532 4.
672 2491 770 2547 36),
806 2497 845 2530 ct
871 2495 910 2531 hi
939 2494 1093 2543 quidem
1119 2495 1245 2531 denuo
1270 2505 1372 2531 anno
1399 2495 1483 2533 738.

167 2554 265 2607 (Dio
286 2556 348 2608 54,
361 2552 458 2608 20.).
495 2556 594 2594 Tmn
610 2567 644 2592 v.
660 2556 719 2592 46.
736 2555 893 2593 subacta
909 2557 1121 2608 Aegyptus,
1137 2556 1271 2606 Dacia,
1289 2556 1486 2595 Pannonia
