1659 2948
594 216 870 259 —29.-.

78 334 260 382 aliisque,
296 329 400 368 haud
435 328 548 365 dubie
583 327 734 376 odium,
775 325 879 374 quod
912 324 953 360 in
994 322 1169 372 publicae
1209 322 1402 359 libertatis

77 404 346 444 oppressorem
371 391 621 439 conceperat,
656 388 841 437 paulatim
874 385 1098 435 placabatur
1124 387 1163 421 et
1188 384 1402 430 restingue-

75 457 200 493 batur.
253 455 304 492 Et
330 464 417 490 cum
443 451 677 489 Octavianus
711 448 973 486 moderatione
1010 457 1099 496 sua,
1132 446 1308 494 beneque
1333 456 1403 493 pa-

75 517 174 553 triae
209 514 433 553 consulendi
466 512 709 548 simulatione
744 510 791 546 ab
828 521 874 546 eo
907 510 1072 545 maxime
1097 510 1291 557 tempore,
1327 517 1404 554 quo

75 578 268 615 Antonius
304 588 327 612 a
360 575 533 624 plurimis
569 571 762 610 contemni
796 573 910 617 atque
939 570 1062 606 hostis
1082 568 1250 615 judicari
1276 567 1406 615 coepit

76 636 187 692 (ann.
224 637 308 674 718.
335 637 412 674 Dio
439 637 508 685 49,
543 635 603 670 32.
640 634 688 670 de
723 643 823 669 amio
850 630 935 666 722.
963 642 998 665 v.
1026 631 1142 667 Dion.
1171 630 1240 679 50,
1269 629 1303 666 1.
1331 625 1406 681 4.)‚

76 701 219 747 majore
237 700 382 736 fructus
402 698 452 733 sit
478 696 620 733 civium
638 706 788 730 amore:
817 692 951 740 quidni
969 691 1039 726 sub
1060 691 1222 726 eandem
1239 693 1407 726 aetatem

76 762 194 798 etiam
227 758 429 797 Horatium
461 757 519 793 illi
551 755 759 792 indulsisse
787 755 827 790 et
853 764 940 789 cum
966 763 1012 788 eo
1039 751 1320 799 quodammodo
1346 762 1407 788 re-

76 821 321 859 conciliatum
348 830 433 855 esse
459 817 669 854 verisimile
705 812 783 852 sit?
843 814 979 861 Itaque
1014 813 1119 848 omni
1153 812 1291 860 opinor
1319 812 1407 858 jure

76 882 278 931 statuitur,
313 879 517 917 Horatium
542 889 615 926 per
639 887 726 913 ann.
755 875 956 912 718-20,
976 874 1120 910 inflexa
1137 873 1257 910 veluti
1277 875 1407 909 mente

75 944 238 993 pristino
267 954 336 979 suo
364 939 585 978 adversario
610 938 785 986 coepisse
812 939 954 974 favere.
1008 935 1121 979 Quod
1148 935 1182 971 si
1206 946 1342 971 verum
1356 930 1409 987 ⁸),

75 1007 279 1043 Sermones
312 1003 403 1040 libri
438 1003 466 1039 Ι.
505 1003 642 1050 sponte
677 1002 840 1048 apparet
872 1009 952 1035 non
985 998 1158 1046 potuisse
1192 999 1282 1044 post
1314 996 1410 1032 illud

76 1070 228 1115 tempus
256 1065 384 1102 scribi.
437 1065 565 1112 Atque
592 1063 647 1099 ita
672 1060 858 1110 temporis
875 1060 1059 1109 limitem,
1087 1059 1137 1095 ad
1155 1070 1270 1106 quem
1286 1068 1409 1105 usque

74 1129 174 1165 liber
201 1127 364 1175 scriptus
392 1126 462 1175 sit,
490 1124 710 1161 invenimus
738 1122 923 1172 eundem,
952 1132 1066 1169 quem
1079 1121 1238 1169 prologo
1257 1122 1296 1157 et
1323 1119 1410 1168 epi—

74 1190 163 1236 logo
189 1187 452 1226 circumscribi
479 1198 596 1234 supra
620 1186 800 1222 vidimus.

175 1249 252 1286 Sed
285 1249 467 1297 quoniam
500 1249 572 1285 hac
606 1247 648 1283 in
682 1246 944 1294 disputatione
973 1249 1013 1281 et
1038 1246 1265 1281 Sermonum
1290 1242 1410 1279 libros

76 1323 251 1348 seorsum
275 1311 468 1359 prodiisse
483 1307 543 1361 ⁹),
580 1311 618 1345 et
653 1309 817 1345 Satiram
846 1308 937 1344 libri
962 1307 991 1343 I.
1020 1307 1184 1354 primam
1210 1305 1412 1353 prologum

76 1385 184 1422 esse,
220 1373 409 1409 decimam
443 1371 638 1419 epilogum
670 1373 713 1406 ut
748 1380 975 1406 concessum
1010 1368 1178 1416 sumpsi,
1213 1368 1336 1402 restat
1369 1367 1412 1401 ut

75 1436 280 1480 utrumque
315 1433 442 1480 quoad
477 1433 560 1478 ejus
586 1431 669 1468 fieri
693 1431 818 1479 possit
844 1430 1079 1477 argumentis
1105 1428 1273 1476 fulciam,
1301 1438 1412 1475 prae-

78 1495 212 1531 sertim
238 1504 325 1529 cum
351 1493 464 1529 aliter
491 1493 633 1528 sentire
660 1493 824 1528 viderim
850 1492 1071 1538 Zumptium
1104 1491 1146 1526 in
1172 1489 1298 1525 annal.
1327 1488 1410 1524 crit.

76 1555 244 1593 Berolin.
281 1564 367 1590 ann.
399 1553 507 1589 1833.
543 1555 634 1589 fasc.
663 1553 722 1588 83.
751 1565 788 1600 p.
817 1553 917 1601 659„
944 1552 1101 1588 Kirchn.
1128 1551 1170 1586 in
1197 1551 1344 1597 quaest.
1373 1560 1412 1596 p.

79 1618 125 1654 13
154 1627 210 1664 sq.
239 1615 399 1662 ejusque
428 1625 607 1651 censores
633 1614 765 1659 Lange
792 1613 834 1648 in
860 1613 984 1648 annal.
1014 1612 1095 1648 crIt.
1123 1610 1291 1647 Berolin.
1321 1620 1409 1646 ann.

78 1679 186 1716 1835.
215 1678 250 1714 2.
278 1677 351 1713 vol.
380 1687 417 1724 p.
446 1676 531 1711 859.
549 1677 589 1711 et
605 1675 724 1714 Feam
740 1674 781 1711 in
809 1674 1002 1722 ephemer.
1021 1673 1120 1709 liter.
1138 1672 1294 1708 HalenS.
1323 1681 1411 1708 ann.

79 1741 187 1778 1836.
214 1740 281 1776 fsc.
309 1738 369 1775 22.
397 1749 434 1786 p.
464 1737 546 1774 173.

167 1882 206 1921 8)
228 1881 395 1912 Falluntur
434 1881 487 1921 qui
517 1880 686 1911 Horatium
723 1889 807 1910 anno
846 1879 971 1910 demum
1000 1886 1032 1908 u.
1065 1886 1092 1908 c.
1124 1877 1200 1908 725.
1232 1875 1275 1907 ad
1303 1878 1412 1917 partes

79 1927 251 1957 Octaviani
282 1926 450 1956 transiisse
481 1927 664 1962 autumant,
695 1924 816 1954 Weich.
846 1934 877 1964 p.
909 1933 934 1954 r.
966 1933 996 1963 p.
1027 1922 1103 1954 298.
1134 1924 1201 1952 not.
1234 1922 1288 1953 22.
1319 1921 1413 1952 Pass.

79 1972 136 2003 vit.
168 1974 234 2001 not.
265 1970 342 2001 100.
374 1970 450 2001 133.
481 1969 556 2000 134.
590 1969 665 2000 146.
697 1968 772 2000 149.
804 1967 845 1998 ad
876 1969 945 1998 Sat.
968 1967 1007 2004 1,
1040 1967 1070 1997 3.
1095 1966 1149 1998 82.
1173 1966 1292 1997 Obbar.
1317 1966 1412 2006 epist.

78 2016 116 2053 1,
149 2015 182 2047 1.
213 2015 288 2046 101.
326 2014 450 2044 Grotef.
482 2024 512 2053 p.
544 2014 620 2045 466.
644 2014 675 2044 b.
738 2014 824 2046 Quos
862 2013 994 2043 meliora
1033 2012 1100 2051 jam
1135 2011 1250 2041 docere
1284 2013 1414 2050 poterat

79 2060 228 2091 Scholion
261 2058 368 2100 Cruq.
400 2058 442 2089 ad
474 2058 566 2098 epod.
598 2058 637 2095 1,
670 2058 701 2088 7.
754 2057 900 2095 „Dicitur
930 2057 1052 2087 Caesar
1083 2056 1246 2096 Augustus
1276 2055 1412 2085 Horatio

79 2105 209 2136 dedisse
239 2104 371 2134 militiae
404 2103 623 2140 vacationem,
663 2112 733 2133 cum
764 2102 798 2133 id
827 2103 899 2132 aliis
929 2101 1133 2140 denegasset.
1187 2100 1273 2131 Nam
1311 2102 1412 2130 totam

78 2150 190 2180 urbem
212 2148 255 2179 ad
278 2148 435 2179 delectum
456 2148 597 2179 vocavit.
641 2147 745 2178 Valde
778 2147 859 2178 enim
890 2147 996 2177 timuit
1018 2146 1218 2176 Antonium.'’
1263 2144 1355 2178 Quod
1377 2147 1414 2174 ut

80 2194 236 2225 immerito
269 2193 522 2224 commenticium
553 2192 689 2227 dixeris,
721 2192 769 2222 ita
809 2195 897 2222 certo
933 2192 1050 2231 probat
1095 2191 1199 2231 ipsum
1236 2189 1413 2229 Augustum

75 2240 143 2278 jam
174 2247 257 2268 anno
289 2238 364 2270 723.
391 2238 528 2268 Horatio
560 2237 690 2267 favisse.
735 2236 837 2267 Paulo
868 2237 962 2267 aliter
992 2235 1114 2267 Acron
1146 2234 1232 2265 adl.
1256 2235 1275 2265 l.
1315 2234 1411 2274 „Ipso

80 2283 306 2323 (Maecenate)
338 2283 421 2313 enim
451 2284 568 2322 agente
598 2282 676 2312 Hor.
707 2282 747 2311 ab
778 2282 924 2321 Augusto
962 2280 1094 2310 militiae
1117 2280 1319 2311 vacationem
1342 2288 1412 2309 me-

81 2330 207 2365 ruerat,
237 2327 322 2367 quod
351 2327 557 2367 injucundum
591 2327 652 2357 sibi
685 2326 754 2356 sine
792 2326 863 2365 ipso
896 2324 1090 2356 confirmat.'‘
1143 2324 1231 2355 Idem
1261 2333 1339 2355 vero
1370 2322 1412 2353 ad

82 2372 151 2403 Sat.
174 2372 212 2408 1,
237 2374 268 2403 5.
293 2373 324 2404 2.
370 2372 546 2410 „Horatius
563 2370 678 2401 missus
695 2371 756 2401 suit
772 2380 842 2401 cum
858 2369 1031 2401 Heliodoro
1048 2370 1190 2410 aparte
1214 2367 1413 2400 Caesaris.'’

81 2416 103 2446 i.
126 2426 154 2448 e.
177 2416 254 2448 717.

169 2473 207 2511 9)
230 2471 318 2502 Idem
340 2473 524 2503 statuerunt
546 2473 619 2512 post
633 2470 810 2509 Bentlejum
835 2469 1032 2500 recentiores
1055 2469 1124 2500 fere
1141 2478 1260 2505 omnes,
1282 2466 1411 2505 Heind„

83 2515 213 2554 Spohn.‚
235 2516 346 2553 Jahn.,
370 2516 490 2547 Weieh.
514 2526 545 2556 p.
569 2526 594 2546 r.
618 2525 691 2555 pag.
715 2515 791 2546 277.
816 2514 870 2545 78.
894 2514 926 2554 ἓ.
950 2516 980 2545 3.
1005 2523 1078 2554 pag.
1103 2514 1178 2545 298.
1202 2516 1268 2544 not.
1292 2513 1346 2543 22.
1370 2511 1410 2542 de

82 2559 160 2590 Var.
191 2562 223 2590 et
252 2561 344 2591 Cass.
374 2571 406 2600 p.
436 2561 491 2592 49.
524 2563 557 2591 et
579 2560 666 2597 238„
689 2559 825 2590 Passov.
849 2562 917 2590 not.
940 2558 1016 2592 166.
1040 2569 1071 2600 p.
1094 2558 1209 2595 LXII..
1232 2557 1352 2588 Obbar.
1375 2557 1408 2587 in

83 2604 173 2635 Jahn.
197 2605 302 2635 annal.
323 2605 422 2637 1836.
445 2605 500 2638 16.
524 2605 586 2637 vol.
609 2605 642 2637 1.
666 2604 745 2636 fasc.
769 2615 800 2645 p.
823 2602 876 2636 46.
