1643 2959
722 171 1008 213 -222—

203 289 359 324 taneum
385 287 445 322 est
470 280 620 322 Horatii
646 279 866 317 auctoritati
904 277 1113 328 plurimum
1149 278 1393 335 tribuendum
1425 289 1526 317 esse.

203 349 301 386 Cum
326 347 470 384 Lollius
495 341 653 380 Tiberio
686 340 975 378 inimicissimus
1001 339 1138 389 fuerit,
1173 341 1281 387 patet
1313 342 1354 377 et
1374 340 1526 390 veueji,

203 410 305 447 foedi
319 405 466 446 Tiberii
480 403 746 453 assentatoris,
763 402 878 439 fidem
895 400 1065 449 infringi,
1079 403 1119 437 et
1135 400 1371 449 explicatum
1383 401 1527 439 habere

201 469 348 509 Tiberii
374 466 494 503 verba
527 464 631 513 apud
655 465 746 502 Tae.
780 464 881 501 Ann.
909 464 954 513 3,
989 462 1049 499 48.
1075 461 1241 499 Plinium
1265 464 1396 499 autem
1427 473 1528 500 oom-

201 541 355 568 munem
380 530 521 565 famam
555 528 729 564 secutum
763 535 849 562 esse
879 524 961 571 jam
992 523 1084 561 Jani
1116 522 1352 560 observavit.
1401 522 1528 566 Qum

201 594 242 629 in
266 590 417 628 Horatii
443 589 611 626 carmine
645 587 700 624 nil
733 586 848 623 video
881 586 979 634 ficti,
1014 585 1069 621 nil
1103 584 1346 622 dissimulati.
1394 584 1530 622 Kimb-

200 664 295 691 nero
322 649 491 704 (quaest.
517 661 554 698 p.
581 649 640 686 38.
668 647 705 699 §.
732 644 817 700 67.)
849 647 890 684 id
916 647 1041 683 visum
1075 648 1136 682 est
1169 656 1201 682 a.
1229 645 1314 682 736.
1342 645 1529 694 seriptum

201 726 301 764 esse,
329 714 475 751 scilicet
501 723 587 748 cum
613 711 687 746 tria
714 710 874 746 odarum
898 707 1093 745 volumina
1110 707 1151 744 in
1166 707 1304 754 vulgus
1321 706 1534 744 emittenda

200 776 325 814 Lollio
352 786 375 811 a
401 775 518 822 poeta
545 773 646 809 dono
673 770 937 808 mitterentur!
989 769 1136 818 Faber,
1163 769 1362 806 Marcilius
1388 767 1533 816 aliique

201 835 342 890 (etiam
367 830 576 884 Doering.)
603 833 717 870 odam
743 843 844 868 anno
870 831 955 867 733.
983 831 1253 880 assignarunt,
1278 830 1320 867 id
1345 828 1450 879 quod
1474 828 1533 866 in-

202 901 262 936 ter
287 898 383 935 alios
409 897 514 933 reete
542 894 808 943 improbarunt
833 892 922 930 Jani
949 894 988 928 et
1013 891 1206 929 Vauderb.
1231 912 1283 920 —-

303 993 546 1033 cmm
579 993 638 1028 X.
683 991 750 1042 „O
776 992 951 1029 crudelis
985 992 1147 1028 adhuc„
1184 991 1321 1028 eodem
1359 994 1534 1041 tempore

200 1061 317 1108 poeta
342 1058 481 1094 lusisse
508 1054 683 1103 videtur,
711 1064 787 1101 quo
814 1064 846 1089 c.
875 1053 906 1088 l.
960 1051 1042 1088 Illic
1076 1052 1179 1088 enim
1213 1052 1388 1099 Ligur-ini
1423 1053 1535 1102 pueri

201 1131 331 1157 amore
359 1130 400 1155 se
427 1119 582 1165 captum
609 1126 694 1152 esse
721 1114 851 1163 finxit,
880 1113 941 1150 hic
968 1115 1139 1150 eundem
1158 1113 1273 1160 jubet
1299 1114 1535 1164 superbiam,

200 1193 277 1230 qua
303 1183 493 1218 amatores
521 1178 679 1226 tractet,
715 1176 921 1224 deponere.
975 1174 1165 1217 Quocirca
1198 1186 1285 1211 eum
1310 1174 1534 1226 Sanadono,

200 1242 413 1291 Vanderb.,
440 1239 594 1277 Kirehn.
623 1234 671 1290 (t.
699 1234 799 1290 chr.)
826 1235 939 1273 odam
966 1235 1014 1272 ad
1041 1246 1076 1273 a.
1104 1236 1189 1272 739.
1217 1237 1360 1274 referre
1385 1236 1533 1287 licebit,

201 1305 263 1342 vel
290 1315 375 1341 cum
405 1301 556 1339 Grotef.
585 1311 621 1348 p.
650 1299 733 1336 475.
759 1298 798 1335 b.
828 1297 876 1335 ad
903 1309 937 1334 a.
967 1297 1050 1334 738.

302 1402 546 1440 (mamm
579 1401 665 1439 XI·
709 1401 814 1450 „Eae
838 1401 935 1437 mihi
959 1399 1154 1449 nonum'z,
1179 1399 1220 1435 in
1247 1409 1324 1447 quo
1350 1398 1534 1436 Horatius

200 1466 297 1503 Idib.
324 1465 445 1513 April.
474 1461 531 1516 (v.
562 1462 643 1515 14.)
670 1462 908 1499 Maecenatis
945 1462 1048 1498 diem
1074 1460 1244 1497 natalem
1269 1459 1534 1497 celebraturus

199 1526 416 1573 Phyllidem
444 1526 491 1561 ad
518 1525 663 1562 laetum
689 1523 908 1560 convivium
935 1533 1064 1559 seeum
1091 1521 1352 1569 peragendum
1378 1521 1534 1573 invitat,

201 1600 234 1625 a.
279 1588 364 1624 738.
408 1589 635 1633 conceptum
680 1596 765 1622 csse
811 1586 1029 1621 statuerunt
1070 1582 1282 1632 Daeerius,
1324 1582 1534 1632 Sanadon.,

201 1649 362 1686 Kirehn.
399 1644 499 1697 (tab.
528 1642 651 1698 chr),
693 1646 838 1682 Grotes.
875 1657 911 1693 p.
941 1645 1024 1681 475.
1053 1643 1090 1680 b.
1126 1646 1166 1679 et
1199 1643 1286 1693 alii,
1326 1646 1534 1692 propterea

201 1709 305 1758 quod
332 1711 447 1758 poeta
475 1719 516 1744 se
551 1707 723 1744 mulieris
757 1707 878 1743 amori
913 1708 1150 1755 postremum
1189 1703 1390 1753 indulgere
1430 1704 1533 1743 dicat

200 1784 257 1810 vs.
285 1771 331 1808 31
361 1781 438 1819 sq.:

464 1850 515 1861 —·
540 1833 624 1879 Age
645 1831 740 1881 jam,
767 1842 951 1871 meorum

667 1895 782 1931 Fines
808 1903 1004 1942 amorum,

398 1958 487 1994 Non
515 1957 621 1992 enim
644 1956 812 2002 posthac
837 1957 921 1993 alia
948 1954 1082 1992 calebo

399 2019 592 2065 Femina,
619 2016 799 2053 condisce
826 2016 974 2066 modos,
1002 2015 1166 2052 amanda

398 2079 500 2115 Voce
527 2088 624 2125 quos
650 2077 812 2115 reddas:
846 2079 1068 2114 minuentur
1093 2079 1201 2114 atrae

666 2139 843 2176 Carmine
871 2150 997 2176 curae.

199 2201 335 2250 Neque
362 2201 502 2248 injuria
536 2199 683 2248 opinor.
737 2201 813 2236 Sed
848 2199 1111 2246 hujuscemodi
1147 2194 1386 2242 conjecturas
1419 2207 1444 2234 a
1468 2207 1529 2234 re-

199 2263 273 2300 bus
300 2263 496 2299 amatoriis
524 2262 747 2310 desumptas
772 2272 822 2298 ne
848 2260 1076 2297 obliviscare
1105 2259 1159 2296 ita
1186 2257 1323 2295 dubias
1350 2269 1458 2308 esse,
1485 2260 1529 2294 ut

201 2325 254 2361 nil
282 2335 409 2372 supra.

303 2422 542 2460 cmm
567 2424 674 2461 xn.
718 2425 846 2474 „Jam
872 2423 978 2460 rer-1⁰⁸
1003 2422 1207 2471 comoe’,
1233 2421 1267 2458 si
1293 2420 1354 2456 vel
1380 2421 1527 2456 certum

202 2486 264 2522 vel
290 2485 496 2523 verisimile
531 2489 633 2522 esset
659 2485 709 2522 ad
734 2484 935 2531 Virgilium
962 2486 1116 2532 poetam
1140 2482 1273 2520 datum
1299 2492 1406 2529 esse,
1434 2480 1527 2517 scri·

202 2549 312 2595 ptum
338 2558 423 2585 esse
450 2548 646 2596 oporteret
671 2548 760 2584 ante
787 2557 820 2583 a.
849 2546 930 2582 735.
959 2545 1110 2593 Virgilii
1145 2543 1408 2593 emortualem,
1434 2550 1527 2589 ergo
