1679 2948
662 202 947 243 -57-

139 314 316 363 mutatio,
345 324 460 362 quam
487 314 572 362 ipse
599 314 788 360 signifieat
813 325 849 351 v.
879 315 929 363 4.‚
956 313 1058 349 faeta
1084 312 1145 349 sit.
1198 312 1260 349 Ita
1286 312 1389 349 enim
1415 313 1473 349 in-

139 376 356 425 telligetur,
385 386 461 424 quo
488 377 663 423 tempore
689 378 846 423 poetam
872 374 1082 411 verisimile
1117 374 1168 410 sit
1202 373 1335 420 lyricis
1369 375 1473 411 vale-

139 437 300 474 dixisse.
352 438 503 474 Bonum
528 437 690 474 factum!
732 437 835 484 quod
860 447 909 473 ne
936 437 978 473 in
1003 436 1076 473 hac
1103 435 1259 484 quidem
1284 447 1328 473 re
1355 435 1473 473 desti-

137 498 214 534 tuti
241 510 373 536 sumus
401 498 646 545 adjumentis.
674 520 725 526 —

240 561 341 598 Tota
365 561 526 598 Horatii
556 562 690 608 poesis
716 561 846 609 lyrica
872 565 978 597 recte
1012 562 1155 608 opinor
1189 564 1228 597 ec
1259 571 1315 596 ea·
1347 560 1476 607 ipsius

138 625 339 660 sententia
379 625 458 659 dici
496 627 535 659 ec
569 622 711 659 haberi
745 626 876 669 potest
913 624 1182 658 amatoria.
1236 621 1349 664 Quod
1388 632 1476 658 cum

138 684 368 732 pronuntio,
403 694 482 719 non
516 683 673 730 quidem
698 694 760 719 me
786 683 974 730 praeterit
1000 682 1183 719 artiorem
1216 694 1340 729 paene
1373 683 1476 719 illius

138 745 338 781 notionem
365 744 570 792 constitui,
616 754 732 791 quam
766 744 828 779 eui
863 746 1000 780 cuncta
1036 754 1135 790 quae
1162 742 1349 780 habemus
1383 755 1477 791 poe-

138 808 243 842 mata
270 805 450 851 subjungi
475 804 638 852 possint.
691 805 836 842 Verum
863 804 1016 840 etiamsi
1040 804 1233 851 permulta
1259 804 1350 854 sint,
1379 816 1476 853 quae

137 866 180 903 in
207 867 293 903 aliis
321 867 500 904 omnibus
526 867 732 902 versantur
756 866 895 914 rebus,
934 867 1114 901 naturam
1147 868 1280 902 tamen
1305 877 1350 902 ae
1390 878 1476 914 pro-

138 928 265 976 priam
290 928 461 965 indolem
488 930 527 964 et
554 928 802 976 perspexisse
829 926 926 963 mihi
960 926 1096 963 videor
1131 929 1171 963 et
1197 938 1290 964 vero
1316 927 1477 974 insigni-

139 990 243 1027 visse
270 991 438 1027 nomine.

238 1053 340 1090 Nam
366 1052 533 1100 primum
560 1053 627 1088 vix
652 1064 750 1100 opus
779 1054 839 1088 est
871 1052 914 1088 in
939 1051 1164 1088 memoriam
1196 1051 1384 1088 lectorum
1418 1062 1478 1089 re·

139 1126 292 1164 vocare,
319 1115 524 1151 Horatium
551 1114 601 1150 ad
619 1113 917 1151 aemulationem
943 1116 1110 1151 melicae
1136 1112 1378 1161 potissimum
1397 1113 1478 1148 sive

140 1178 318 1214 aeolicae
343 1176 496 1225 poesis,
536 1176 644 1222 cujus
684 1176 859 1224 primarii
898 1178 1038 1224 poetae
1077 1175 1255 1212 Alcaeus
1292 1174 1399 1209 fuere
1441 1177 1480 1210 et

137 1239 300 1286 Sappho
303 1266 320 1287 7
348 1249 433 1274 sese
462 1238 699 1287 applicasse,
729 1237 922 1285 sprevisse
950 1239 1080 1273 autem
1105 1236 1168 1272 vel
1192 1235 1323 1284 potius
1358 1236 1479 1283 impa-

140 1311 223 1336 rem
251 1311 293 1336 se
320 1301 539 1348 professum
566 1311 652 1335 esse
689 1299 932 1344 gravioribus
967 1301 1007 1335 et
1041 1297 1330 1335 sublimioribus
1358 1297 1479 1334 citha-

140 1372 207 1398 rae
234 1361 360 1398 modis
386 1362 560 1399 Pindari
595 1363 634 1397 et
669 1363 833 1398 doricae
866 1361 1023 1398 omnino
1059 1371 1157 1409 quae
1194 1359 1335 1396 dicitur
1369 1359 1479 1408 poesi

139 1423 300 1469 lyricae.

241 1484 395 1521 Deinde
430 1495 523 1520 vero
559 1485 639 1519 tam
672 1483 879 1531 perspicua
912 1483 1036 1531 ipsius
1070 1483 1223 1519 Horatii
1257 1483 1480 1520 testimonia

140 1546 343 1594 habemus,
370 1547 427 1594 ut,
455 1545 609 1592 qualem
635 1544 814 1580 habuerit
834 1545 1125 1592 judicatamque
1151 1544 1318 1581 voluerit
1343 1544 1481 1592 poesin

143 1619 252 1644 suam
277 1607 461 1656 lyricam,
496 1617 575 1642 non
609 1605 734 1653 possit
761 1605 915 1652 ambigi.
970 1606 1252 1643 Gravissimum
1276 1606 1396 1653 igitur
1422 1607 1481 1642 est

143 1669 246 1718 quod
273 1668 429 1717 scripsit
455 1667 516 1706 od.
544 1668 580 1713 3,
607 1667 668 1703 26.
699 1667 718 1703 1
748 1677 827 1715 sq.:

342 1730 433 1767 Vixi
459 1730 599 1777 puellis
625 1740 750 1777 nuper
776 1728 939 1765 idoneus
959 1726 1034 1781 ¹⁴),

343 1793 394 1829 Et
421 1791 584 1828 militavi
610 1802 689 1827 non
716 1791 799 1827 sine
828 1791 969 1837 gloria:

410 1854 523 1890 Nune
551 1863 657 1888 arma
684 1851 984 1899 defunctumque
1012 1852 1113 1889 bello

462 1913 650 1949 Barbiton
676 1912 738 1948 hic
765 1913 894 1960 paries
921 1913 1090 1949 habebit.

144 1977 213 2013 ubi
240 1976 364 2013 Schol.
400 1974 535 2012 Acron
573 1974 668 2010 scite
710 1974 931 2011 annotavit:
985 1975 1095 2024 „Hac
1134 1974 1207 2010 ode
1241 1973 1367 2011 videri
1400 1975 1482 2011 vult

140 2038 223 2084 ¹jam
248 2039 495 2074 renunciare
521 2037 772 2073 carminibus
799 2041 837 2073 ec
861 2038 995 2085 lyram
1021 2047 1260 2074 consecrare
1287 2040 1325 2073 el
1342 2047 1483 2073 amaro¹

145 2098 370 2138 desinere.“
406 2095 487 2150 (Ita
514 2098 632 2134 ctiam
657 2097 797 2145 Porph.
835 2100 873 2136 et
901 2097 1024 2134 Schol.
1063 2093 1214 2150 Cruq.).
1266 2098 1366 2135 Nam
1393 2109 1481 2134 eon-

148 2164 260 2199 sueta
285 2161 471 2207 allegoria
497 2159 548 2196 ad
573 2161 695 2195 totam
721 2160 860 2207 poesin
897 2159 1077 2208 lyricam,
1119 2171 1141 2196 a
1176 2170 1252 2207 qua
1287 2159 1481 2196 abstinere

149 2236 189 2261 se
218 2223 315 2260 velle
345 2223 451 2271 dicit,
480 2222 575 2258 haee
601 2221 805 2258 referenda
832 2233 917 2258 esse
946 2221 1099 2258 abunde
1126 2223 1235 2269 patet
1249 2232 1299 2258 ex
1313 2220 1481 2258 carmine

237 2408 300 2449 14)
322 2408 448 2440 Vereor
470 2418 665 2449 magnopere
688 2417 728 2438 ne
752 2407 918 2448 scripserit
940 2411 1051 2449 poeta:

350 2453 425 2485 Vixi
450 2455 572 2486 claellis
596 2463 698 2495 nuper
722 2453 867 2490 idoneus,

348 2498 394 2529 Et
416 2500 550 2530 militavi
575 2508 637 2529 non
661 2499 730 2529 sine
754 2498 866 2538 gloria.

150 2543 201 2573 Ita
224 2543 320 2574 multo
345 2545 529 2576 concinnior
552 2544 653 2575 oritur
676 2544 848 2581 sententia,
874 2552 975 2584 eaque
998 2542 1155 2574 simillima
1179 2542 1229 2573 od.
1255 2541 1286 2579 4,
1310 2540 1341 2572 1.
1377 2542 1482 2573 Inter-

150 2588 248 2619 missa
269 2605 312 2611 —
336 2587 437 2621 bella.
