<?xml version="1.0" encoding="UTF-8"?>
<!DOCTYPE html PUBLIC "-//W3C//DTD XHTML 1.0 Transitional//EN"
    "http://www.w3.org/TR/xhtml1/DTD/xhtml1-transitional.dtd">
<html xmlns="http://www.w3.org/1999/xhtml" xml:lang="en" lang="en">
 <head>
  <title>
</title>
<meta http-equiv="Content-Type" content="text/html;charset=utf-8" />
  <meta name='ocr-system' content='tesseract 3.04.00' />
  <meta name='ocr-capabilities' content='ocr_page ocr_carea ocr_par ocr_line ocrx_word'/>
</head>
<body>
  <div class='ocr_page' id='page_1' title='image "./fastihoratianiac00franuoft_0107.png"; bbox 0 0 1643 2959; ppageno 0'>
   <div class='ocr_carea' id='block_1_1' title="bbox 98 300 1446 2639">
    <p class='ocr_par' dir='ltr' id='par_1_1' title="bbox 98 300 1446 2639">
     <span class='ocr_line' id='line_1_1' title="bbox 103 300 1438 357; baseline 0.001 -16"><span class='ocrx_word' id='word_1_1' title='bbox 103 303 307 341; x_wconf 87' lang='lat' dir='ltr'><em>diseamus.</em></span> <span class='ocrx_word' id='word_1_2' title='bbox 353 301 390 338; x_wconf 90' lang='lat' dir='ltr'><em>Is</em></span> <span class='ocrx_word' id='word_1_3' title='bbox 408 301 526 349; x_wconf 80' lang='lat' dir='ltr'><em>igitur</em></span> <span class='ocrx_word' id='word_1_4' title='bbox 543 311 621 338; x_wconf 88' lang='lat' dir='ltr'><em>una</em></span> <span class='ocrx_word' id='word_1_5' title='bbox 640 314 727 340; x_wconf 79' lang='lat' dir='ltr'><em>cum</em></span> <span class='ocrx_word' id='word_1_6' title='bbox 753 304 970 342; x_wconf 78' lang='lat' dir='ltr'><em>Heliodoro</em></span> <span class='ocrx_word' id='word_1_7' title='bbox 995 302 1150 340; x_wconf 80' lang='lat' dir='ltr'><em>rhetore</em></span> <span class='ocrx_word' id='word_1_8' title='bbox 1177 300 1246 357; x_wconf 83' lang='lat' dir='ltr'><em>(cf.</em></span> <span class='ocrx_word' id='word_1_9' title='bbox 1274 303 1438 356; x_wconf 85' lang='lat' dir='ltr'><em>Ritsehl,</em></span> 
     </span>
     <span class='ocr_line' id='line_1_2' title="bbox 103 363 1439 405; baseline 0.003 -4"><span class='ocrx_word' id='word_1_10' title='bbox 103 365 166 401; x_wconf 91' lang='lat' dir='ltr'><em>die</em></span> <span class='ocrx_word' id='word_1_11' title='bbox 193 363 433 402; x_wconf 81' lang='lat' dir='ltr'><strong>alexandrin.</strong></span> <span class='ocrx_word' id='word_1_12' title='bbox 461 363 739 401; x_wconf 90' lang='lat' dir='ltr'><em>Bibliotheken</em></span> <span class='ocrx_word' id='word_1_13' title='bbox 765 367 880 402; x_wconf 89' lang='lat' dir='ltr'><em>unter</em></span> <span class='ocrx_word' id='word_1_14' title='bbox 906 365 983 401; x_wconf 89' lang='lat' dir='ltr'><em>den</em></span> <span class='ocrx_word' id='word_1_15' title='bbox 1009 366 1099 402; x_wconf 89' lang='lat' dir='ltr'><em>erst.</em></span> <span class='ocrx_word' id='word_1_16' title='bbox 1126 365 1288 404; x_wconf 90' lang='lat' dir='ltr'><em>Ptolem.</em></span> <span class='ocrx_word' id='word_1_17' title='bbox 1317 367 1439 405; x_wconf 88' lang='lat' dir='ltr'><em>Bresl.</em></span> 
     </span>
     <span class='ocr_line' id='line_1_3' title="bbox 104 422 1442 479; baseline 0.003 -16"><span class='ocrx_word' id='word_1_18' title='bbox 104 426 212 463; x_wconf 84' lang='lat'><em>1838.</em></span> <span class='ocrx_word' id='word_1_19' title='bbox 241 438 279 474; x_wconf 90' lang='lat' dir='ltr'><em>p.</em></span> <span class='ocrx_word' id='word_1_20' title='bbox 310 422 418 477; x_wconf 88' lang='lat'>135.)</span> <span class='ocrx_word' id='word_1_21' title='bbox 445 426 569 462; x_wconf 88' lang='lat' dir='ltr'><em>Roma</em></span> <span class='ocrx_word' id='word_1_22' title='bbox 602 427 798 474; x_wconf 85' lang='lat' dir='ltr'><em>profectus</em></span> <span class='ocrx_word' id='word_1_23' title='bbox 832 429 1112 465; x_wconf 81' lang='lat' dir='ltr'><em>Maecenatem</em></span> <span class='ocrx_word' id='word_1_24' title='bbox 1146 429 1186 463; x_wconf 89' lang='lat' dir='ltr'><em>et</em></span> <span class='ocrx_word' id='word_1_25' title='bbox 1216 427 1442 479; x_wconf 74' lang='lat' dir='ltr'><em>Goecejum,</em></span> 
     </span>
     <span class='ocr_line' id='line_1_4' title="bbox 100 483 1443 540; baseline 0.002 -15"><span class='ocrx_word' id='word_1_26' title='bbox 100 488 168 537; x_wconf 92' lang='lat' dir='ltr'><em>qui</em></span> <span class='ocrx_word' id='word_1_27' title='bbox 180 488 414 535; x_wconf 82' lang='lat' dir='ltr'><em>legationem</em></span> <span class='ocrx_word' id='word_1_28' title='bbox 428 487 606 524; x_wconf 88' lang='lat' dir='ltr'><em>obierant</em></span> <span class='ocrx_word' id='word_1_29' title='bbox 615 483 673 540; x_wconf 77' lang='lat' dir='ltr'><em>(v,</em></span> <span class='ocrx_word' id='word_1_30' title='bbox 687 484 786 538; x_wconf 87' lang='lat'><em>46.),</em></span> <span class='ocrx_word' id='word_1_31' title='bbox 797 491 840 525; x_wconf 93' lang='lat' dir='ltr'><em>ut</em></span> <span class='ocrx_word' id='word_1_32' title='bbox 855 488 1137 526; x_wconf 85' lang='lat' dir='ltr'><em>dissensionem</em></span> <span class='ocrx_word' id='word_1_33' title='bbox 1149 489 1252 528; x_wconf 87' lang='lat' dir='ltr'><em>inter</em></span> <span class='ocrx_word' id='word_1_34' title='bbox 1261 490 1443 528; x_wconf 88' lang='lat' dir='ltr'><em>Octavia-</em></span> 
     </span>
     <span class='ocr_line' id='line_1_5' title="bbox 98 549 1443 601; baseline 0.002 -15"><span class='ocrx_word' id='word_1_35' title='bbox 98 561 193 586; x_wconf 89' lang='lat' dir='ltr'><em>num</em></span> <span class='ocrx_word' id='word_1_36' title='bbox 210 552 249 586; x_wconf 88' lang='lat' dir='ltr'><em>et</em></span> <span class='ocrx_word' id='word_1_37' title='bbox 267 549 482 587; x_wconf 85' lang='lat' dir='ltr'><em>Antonium</em></span> <span class='ocrx_word' id='word_1_38' title='bbox 496 551 622 586; x_wconf 86' lang='lat' dir='ltr'><em>ortam</em></span> <span class='ocrx_word' id='word_1_39' title='bbox 637 553 926 601; x_wconf 80' lang='lat' dir='ltr'><em>componerent,</em></span> <span class='ocrx_word' id='word_1_40' title='bbox 938 562 990 587; x_wconf 84' lang='lat' dir='ltr'><em>ex</em></span> <span class='ocrx_word' id='word_1_41' title='bbox 1009 550 1223 599; x_wconf 86' lang='lat' dir='ltr'><em>composito</em></span> <span class='ocrx_word' id='word_1_42' title='bbox 1241 553 1443 601; x_wconf 81' lang='lat' dir='ltr'><em>exspectat</em></span> 
     </span>
     <span class='ocr_line' id='line_1_6' title="bbox 101 611 1442 662; baseline 0.001 -13"><span class='ocrx_word' id='word_1_43' title='bbox 101 612 368 662; x_wconf 69' lang='lat' dir='ltr'><em>Terracinae,</em></span> <span class='ocrx_word' id='word_1_44' title='bbox 394 622 522 660; x_wconf 87' lang='lat' dir='ltr'><em>neque</em></span> <span class='ocrx_word' id='word_1_45' title='bbox 550 611 621 647; x_wconf 95' lang='lat' dir='ltr'><em>hos</em></span> <span class='ocrx_word' id='word_1_46' title='bbox 649 612 794 661; x_wconf 89' lang='lat' dir='ltr'><em>solum,</em></span> <span class='ocrx_word' id='word_1_47' title='bbox 823 611 894 650; x_wconf 90' lang='lat' dir='ltr'><em>sed</em></span> <span class='ocrx_word' id='word_1_48' title='bbox 921 612 1039 649; x_wconf 89' lang='lat' dir='ltr'><em>etiam</em></span> <span class='ocrx_word' id='word_1_49' title='bbox 1065 612 1283 661; x_wconf 80' lang='lat' dir='ltr'><em>Fontejum</em></span> <span class='ocrx_word' id='word_1_50' title='bbox 1318 614 1442 662; x_wconf 79' lang='lat' dir='ltr'><em>Capi-</em></span> 
     </span>
     <span class='ocr_line' id='line_1_7' title="bbox 99 672 1444 724; baseline 0.001 -12"><span class='ocrx_word' id='word_1_51' title='bbox 99 678 252 724; x_wconf 78' lang='lat' dir='ltr'><em>tonem,</em></span> <span class='ocrx_word' id='word_1_52' title='bbox 286 673 460 710; x_wconf 91' lang='lat' dir='ltr'><em>Antonio</em></span> <span class='ocrx_word' id='word_1_53' title='bbox 493 672 860 723; x_wconf 85' lang='lat' dir='ltr'><em>familiarissimum,</em></span> <span class='ocrx_word' id='word_1_54' title='bbox 896 675 1021 711; x_wconf 83' lang='lat' dir='ltr'><em>simul</em></span> <span class='ocrx_word' id='word_1_55' title='bbox 1052 684 1145 712; x_wconf 79' lang='lat' dir='ltr'><em>eum</em></span> <span class='ocrx_word' id='word_1_56' title='bbox 1177 677 1257 712; x_wconf 75' lang='lat' dir='ltr'><em>illis·</em></span> <span class='ocrx_word' id='word_1_57' title='bbox 1284 677 1444 713; x_wconf 83' lang='lat' dir='ltr'><em>adven-</em></span> 
     </span>
     <span class='ocr_line' id='line_1_8' title="bbox 99 730 1445 786; baseline 0 -13"><span class='ocrx_word' id='word_1_58' title='bbox 99 741 253 773; x_wconf 83' lang='lat' dir='ltr'><em>tantem</em></span> <span class='ocrx_word' id='word_1_59' title='bbox 280 734 464 772; x_wconf 88' lang='lat' dir='ltr'><em>eonvenit</em></span> <span class='ocrx_word' id='word_1_60' title='bbox 491 730 550 786; x_wconf 84' lang='lat' dir='ltr'><em>(V.</em></span> <span class='ocrx_word' id='word_1_61' title='bbox 578 734 627 769; x_wconf 86' lang='lat'><em>26</em></span> <span class='ocrx_word' id='word_1_62' title='bbox 643 755 694 761; x_wconf 90' lang='lat'>—</span> <span class='ocrx_word' id='word_1_63' title='bbox 710 731 808 786; x_wconf 86' lang='lat'><em>33.).</em></span> <span class='ocrx_word' id='word_1_64' title='bbox 860 735 1032 780; x_wconf 84' lang='lat' dir='ltr'><em>Pergunt</em></span> <span class='ocrx_word' id='word_1_65' title='bbox 1065 746 1143 772; x_wconf 89' lang='lat' dir='ltr'><em>una</em></span> <span class='ocrx_word' id='word_1_66' title='bbox 1168 735 1211 771; x_wconf 89' lang='lat' dir='ltr'><em>in</em></span> <span class='ocrx_word' id='word_1_67' title='bbox 1236 736 1377 773; x_wconf 89' lang='lat' dir='ltr'><em>itinere</em></span> <span class='ocrx_word' id='word_1_68' title='bbox 1404 738 1445 773; x_wconf 91' lang='lat' dir='ltr'><em>et</em></span> 
     </span>
     <span class='ocr_line' id='line_1_9' title="bbox 100 795 1446 844; baseline 0 -11"><span class='ocrx_word' id='word_1_69' title='bbox 100 798 309 834; x_wconf 86' lang='lat' dir='ltr'><em>Sinuessae</em></span> <span class='ocrx_word' id='word_1_70' title='bbox 353 806 441 832; x_wconf 85' lang='lat' dir='ltr'><em>cum</em></span> <span class='ocrx_word' id='word_1_71' title='bbox 483 795 634 844; x_wconf 76' lang='lat' dir='ltr'><em>Plotio,</em></span> <span class='ocrx_word' id='word_1_72' title='bbox 681 796 805 832; x_wconf 75' lang='lat' dir='ltr'><em>Vario</em></span> <span class='ocrx_word' id='word_1_73' title='bbox 849 797 889 831; x_wconf 90' lang='lat' dir='ltr'><em>et</em></span> <span class='ocrx_word' id='word_1_74' title='bbox 935 797 1100 844; x_wconf 76' lang='lat' dir='ltr'><em>Virqe&#39;le‘o</em></span> <span class='ocrx_word' id='word_1_75' title='bbox 1141 797 1446 843; x_wconf 80' lang='lat' dir='ltr'><em>congrediuntur</em></span> 
     </span>
     <span class='ocr_line' id='line_1_10' title="bbox 98 852 1445 910; baseline 0.002 -16"><span class='ocrx_word' id='word_1_76' title='bbox 98 853 165 910; x_wconf 79' lang='lat' dir='ltr'><em>(v,</em></span> <span class='ocrx_word' id='word_1_77' title='bbox 195 854 297 910; x_wconf 84' lang='lat'><strong>40);</strong></span> <span class='ocrx_word' id='word_1_78' title='bbox 334 856 474 894; x_wconf 87' lang='lat' dir='ltr'><em>Varius</em></span> <span class='ocrx_word' id='word_1_79' title='bbox 511 855 677 892; x_wconf 83' lang='lat' dir='ltr'><em>discedit</em></span> <span class='ocrx_word' id='word_1_80' title='bbox 708 857 880 894; x_wconf 76' lang='lat' dir='ltr'><em>Canusii</em></span> <span class='ocrx_word' id='word_1_81' title='bbox 912 852 977 908; x_wconf 74' lang='lat' dir='ltr'><em>(v,</em></span> <span class='ocrx_word' id='word_1_82' title='bbox 1007 855 1113 910; x_wconf 85' lang='lat'><em>93.).</em></span> <span class='ocrx_word' id='word_1_83' title='bbox 1174 858 1445 897; x_wconf 71' lang='lat' dir='ltr'><em>Brundisium</em></span> 
     </span>
     <span class='ocr_line' id='line_1_11' title="bbox 98 918 1446 966; baseline 0.001 -11"><span class='ocrx_word' id='word_1_84' title='bbox 98 919 252 956; x_wconf 88' lang='lat' dir='ltr'><em>itineris</em></span> <span class='ocrx_word' id='word_1_85' title='bbox 287 918 385 955; x_wconf 88' lang='lat' dir='ltr'><em>finis.</em></span> <span class='ocrx_word' id='word_1_86' title='bbox 452 918 574 955; x_wconf 84' lang='lat' dir='ltr'><em>Recte</em></span> <span class='ocrx_word' id='word_1_87' title='bbox 617 920 747 954; x_wconf 86' lang='lat' dir='ltr'><em>autem</em></span> <span class='ocrx_word' id='word_1_88' title='bbox 781 918 1064 966; x_wconf 76' lang='lat' dir='ltr'><em>VVesselingius</em></span> <span class='ocrx_word' id='word_1_89' title='bbox 1098 930 1193 958; x_wconf 71' lang='lat' dir='ltr'><em>vere</em></span> <span class='ocrx_word' id='word_1_90' title='bbox 1225 919 1266 957; x_wconf 93' lang='lat' dir='ltr'><em>id</em></span> <span class='ocrx_word' id='word_1_91' title='bbox 1300 921 1446 957; x_wconf 82' lang='lat' dir='ltr'><em>factum</em></span> 
     </span>
     <span class='ocr_line' id='line_1_12' title="bbox 99 976 1446 1033; baseline 0.001 -16"><span class='ocrx_word' id='word_1_92' title='bbox 99 992 187 1017; x_wconf 91' lang='lat' dir='ltr'><em>esse</em></span> <span class='ocrx_word' id='word_1_93' title='bbox 214 980 439 1018; x_wconf 84' lang='lat' dir='ltr'><em>observavit</em></span> <span class='ocrx_word' id='word_1_94' title='bbox 465 977 523 1031; x_wconf 79' lang='lat' dir='ltr'><em>(v,</em></span> <span class='ocrx_word' id='word_1_95' title='bbox 554 980 612 1016; x_wconf 86' lang='lat'><em>14.</em></span> <span class='ocrx_word' id='word_1_96' title='bbox 641 980 702 1016; x_wconf 86' lang='lat'><em>72.</em></span> <span class='ocrx_word' id='word_1_97' title='bbox 730 976 828 1033; x_wconf 89' lang='grc'><em>81.).</em></span> <span class='ocrx_word' id='word_1_98' title='bbox 881 979 959 1017; x_wconf 91' lang='lat' dir='ltr'><em>Sed</em></span> <span class='ocrx_word' id='word_1_99' title='bbox 985 980 1026 1016; x_wconf 91' lang='lat' dir='ltr'><em>in</em></span> <span class='ocrx_word' id='word_1_100' title='bbox 1052 992 1154 1018; x_wconf 84' lang='lat' dir='ltr'><em>anno</em></span> <span class='ocrx_word' id='word_1_101' title='bbox 1172 982 1446 1020; x_wconf 89' lang='lat' dir='ltr'><em>constituendo</em></span> 
     </span>
     <span class='ocr_line' id='line_1_13' title="bbox 99 1042 1444 1091; baseline 0.001 -12"><span class='ocrx_word' id='word_1_102' title='bbox 99 1043 233 1091; x_wconf 90' lang='lat' dir='ltr'><em>lapsus</em></span> <span class='ocrx_word' id='word_1_103' title='bbox 262 1045 333 1079; x_wconf 88' lang='lat' dir='ltr'><em>est.</em></span> <span class='ocrx_word' id='word_1_104' title='bbox 386 1042 488 1079; x_wconf 90' lang='lat' dir='ltr'><em>Nam</em></span> <span class='ocrx_word' id='word_1_105' title='bbox 521 1052 642 1078; x_wconf 81' lang='lat' dir='ltr'><em>verno</em></span> <span class='ocrx_word' id='word_1_106' title='bbox 677 1043 852 1090; x_wconf 89' lang='lat' dir='ltr'><em>tempore</em></span> <span class='ocrx_word' id='word_1_107' title='bbox 880 1053 914 1079; x_wconf 88' lang='lat' dir='ltr'><em>a.</em></span> <span class='ocrx_word' id='word_1_108' title='bbox 944 1043 1029 1080; x_wconf 82' lang='grc'><em>716.</em></span> <span class='ocrx_word' id='word_1_109' title='bbox 1081 1044 1269 1081; x_wconf 82' lang='lat' dir='ltr'><em>Horatius</em></span> <span class='ocrx_word' id='word_1_110' title='bbox 1304 1054 1444 1081; x_wconf 88' lang='lat' dir='ltr'><em>conve-</em></span> 
     </span>
     <span class='ocr_line' id='line_1_14' title="bbox 99 1103 1445 1154; baseline 0.001 -13"><span class='ocrx_word' id='word_1_111' title='bbox 99 1107 212 1142; x_wconf 87' lang='lat' dir='ltr'><em>nerat</em></span> <span class='ocrx_word' id='word_1_112' title='bbox 238 1105 397 1153; x_wconf 92' lang='lat' dir='ltr'><em>quidem</em></span> <span class='ocrx_word' id='word_1_113' title='bbox 429 1104 597 1151; x_wconf 87' lang='lat' dir='ltr'><em>primum</em></span> <span class='ocrx_word' id='word_1_114' title='bbox 631 1103 920 1154; x_wconf 87' lang='lat' dir='ltr'><em>Maecenatem,</em></span> <span class='ocrx_word' id='word_1_115' title='bbox 955 1116 1028 1142; x_wconf 90' lang='lat' dir='ltr'><em>nec</em></span> <span class='ocrx_word' id='word_1_116' title='bbox 1060 1105 1151 1142; x_wconf 91' lang='lat' dir='ltr'><em>dum</em></span> <span class='ocrx_word' id='word_1_117' title='bbox 1177 1108 1309 1142; x_wconf 85' lang='lat' dir='ltr'><em>tamen</em></span> <span class='ocrx_word' id='word_1_118' title='bbox 1334 1106 1445 1143; x_wconf 85' lang='lat' dir='ltr'><em>sami-</em></span> 
     </span>
     <span class='ocr_line' id='line_1_15' title="bbox 98 1165 1446 1215; baseline 0.001 -13"><span class='ocrx_word' id='word_1_119' title='bbox 98 1166 186 1202; x_wconf 89' lang='lat' dir='ltr'><em>liari</em></span> <span class='ocrx_word' id='word_1_120' title='bbox 213 1165 296 1212; x_wconf 91' lang='lat' dir='ltr'><em>ejus</em></span> <span class='ocrx_word' id='word_1_121' title='bbox 331 1165 516 1202; x_wconf 90' lang='lat' dir='ltr'><em>utebatur</em></span> <span class='ocrx_word' id='word_1_122' title='bbox 550 1166 843 1203; x_wconf 89' lang='lat' dir='ltr'><em>consuetudine.</em></span> <span class='ocrx_word' id='word_1_123' title='bbox 905 1166 1060 1204; x_wconf 89' lang='lat' dir='ltr'><em>Deinde</em></span> <span class='ocrx_word' id='word_1_124' title='bbox 1095 1167 1234 1204; x_wconf 89' lang='lat' dir='ltr'><em>eodem</em></span> <span class='ocrx_word' id='word_1_125' title='bbox 1268 1169 1446 1215; x_wconf 82' lang='lat' dir='ltr'><em>tempore</em></span> 
     </span>
     <span class='ocr_line' id='line_1_16' title="bbox 98 1227 1443 1279; baseline 0.001 -15"><span class='ocrx_word' id='word_1_126' title='bbox 98 1228 313 1265; x_wconf 90' lang='lat' dir='ltr'><em>Antonium</em></span> <span class='ocrx_word' id='word_1_127' title='bbox 339 1227 590 1264; x_wconf 87' lang='lat' dir='ltr'><em>Brundisium</em></span> <span class='ocrx_word' id='word_1_128' title='bbox 625 1228 780 1264; x_wconf 79' lang='lat' dir='ltr'><em>venisse</em></span> <span class='ocrx_word' id='word_1_129' title='bbox 817 1228 982 1276; x_wconf 86' lang='lat' dir='ltr'><em>sumpsit</em></span> <span class='ocrx_word' id='word_1_130' title='bbox 1017 1227 1114 1278; x_wconf 84' lang='lat' dir='ltr'><em>sibi,</em></span> <span class='ocrx_word' id='word_1_131' title='bbox 1150 1239 1222 1265; x_wconf 88' lang='lat' dir='ltr'><em>nec</em></span> <span class='ocrx_word' id='word_1_132' title='bbox 1249 1229 1443 1279; x_wconf 87' lang='lat' dir='ltr'><em>probavit,</em></span> 
     </span>
     <span class='ocr_line' id='line_1_17' title="bbox 98 1287 1444 1339; baseline 0.001 -13"><span class='ocrx_word' id='word_1_133' title='bbox 98 1292 205 1326; x_wconf 84' lang='lat' dir='ltr'><em>recte</em></span> <span class='ocrx_word' id='word_1_134' title='bbox 232 1290 393 1326; x_wconf 90' lang='lat' dir='ltr'><em>notante</em></span> <span class='ocrx_word' id='word_1_135' title='bbox 421 1288 579 1325; x_wconf 89' lang='lat' dir='ltr'><em>Kirchn.</em></span> <span class='ocrx_word' id='word_1_136' title='bbox 608 1300 645 1337; x_wconf 84' lang='lat' dir='ltr'><em>p.</em></span> <span class='ocrx_word' id='word_1_137' title='bbox 675 1289 734 1326; x_wconf 83' lang='lat'><em>58.</em></span> <span class='ocrx_word' id='word_1_138' title='bbox 764 1287 800 1339; x_wconf 64' lang='grc' dir='ltr'><em>ἓ.</em></span> <span class='ocrx_word' id='word_1_139' title='bbox 828 1290 864 1326; x_wconf 86' lang='grc'><em>9.</em></span> <span class='ocrx_word' id='word_1_140' title='bbox 892 1310 943 1318; x_wconf 85' lang='grc'>-</span> <span class='ocrx_word' id='word_1_141' title='bbox 992 1290 1094 1326; x_wconf 87' lang='lat' dir='ltr'><em>Hine</em></span> <span class='ocrx_word' id='word_1_142' title='bbox 1123 1289 1171 1326; x_wconf 91' lang='lat' dir='ltr'><em>de</em></span> <span class='ocrx_word' id='word_1_143' title='bbox 1198 1300 1232 1327; x_wconf 82' lang='lat' dir='ltr'><em>a.</em></span> <span class='ocrx_word' id='word_1_144' title='bbox 1263 1290 1348 1328; x_wconf 90' lang='grc'>716.</span> <span class='ocrx_word' id='word_1_145' title='bbox 1376 1301 1444 1327; x_wconf 91' lang='lat' dir='ltr'><em>ne-</em></span> 
     </span>
     <span class='ocr_line' id='line_1_18' title="bbox 99 1351 1446 1399; baseline 0.001 -11"><span class='ocrx_word' id='word_1_146' title='bbox 99 1351 185 1399; x_wconf 90' lang='lat' dir='ltr'><em>quit</em></span> <span class='ocrx_word' id='word_1_147' title='bbox 211 1351 383 1398; x_wconf 87' lang='lat' dir='ltr'><em>cogitari.</em></span> <span class='ocrx_word' id='word_1_148' title='bbox 439 1351 579 1388; x_wconf 87' lang='lat' dir='ltr'><em>Omnia</em></span> <span class='ocrx_word' id='word_1_149' title='bbox 606 1352 841 1387; x_wconf 86' lang='lat' dir='ltr'><em>conveniunt</em></span> <span class='ocrx_word' id='word_1_150' title='bbox 867 1362 900 1388; x_wconf 87' lang='lat' dir='ltr'><em>a.</em></span> <span class='ocrx_word' id='word_1_151' title='bbox 930 1351 1014 1388; x_wconf 81' lang='lat'><em>717.</em></span> <span class='ocrx_word' id='word_1_152' title='bbox 1067 1351 1168 1389; x_wconf 89' lang='lat' dir='ltr'><em>Nam</em></span> <span class='ocrx_word' id='word_1_153' title='bbox 1194 1363 1282 1389; x_wconf 90' lang='lat' dir='ltr'><em>eum</em></span> <span class='ocrx_word' id='word_1_154' title='bbox 1301 1353 1446 1390; x_wconf 87' lang='lat' dir='ltr'><em>Caesar</em></span> 
     </span>
     <span class='ocr_line' id='line_1_19' title="bbox 99 1413 1444 1462; baseline 0.001 -14"><span class='ocrx_word' id='word_1_155' title='bbox 99 1424 171 1462; x_wconf 88' lang='lat' dir='ltr'><em>per</em></span> <span class='ocrx_word' id='word_1_156' title='bbox 205 1415 396 1450; x_wconf 87' lang='lat' dir='ltr'><em>aestatem</em></span> <span class='ocrx_word' id='word_1_157' title='bbox 430 1424 464 1449; x_wconf 90' lang='lat' dir='ltr'><em>a.</em></span> <span class='ocrx_word' id='word_1_158' title='bbox 501 1413 586 1449; x_wconf 83' lang='lat'><em>716.</em></span> <span class='ocrx_word' id='word_1_159' title='bbox 622 1413 665 1449; x_wconf 91' lang='lat' dir='ltr'><em>in</em></span> <span class='ocrx_word' id='word_1_160' title='bbox 698 1413 801 1449; x_wconf 87' lang='lat' dir='ltr'><em>bello</em></span> <span class='ocrx_word' id='word_1_161' title='bbox 831 1413 1027 1450; x_wconf 87' lang='lat' dir='ltr'><em>maritimo</em></span> <span class='ocrx_word' id='word_1_162' title='bbox 1053 1415 1189 1451; x_wconf 87' lang='lat' dir='ltr'><em>eontra</em></span> <span class='ocrx_word' id='word_1_163' title='bbox 1215 1414 1303 1451; x_wconf 84' lang='lat' dir='ltr'><em>Sex.</em></span> <span class='ocrx_word' id='word_1_164' title='bbox 1332 1414 1444 1452; x_wconf 92' lang='lat' dir='ltr'><em>Pom-</em></span> 
     </span>
     <span class='ocr_line' id='line_1_20' title="bbox 99 1474 1444 1524; baseline 0.001 -13"><span class='ocrx_word' id='word_1_165' title='bbox 99 1474 232 1524; x_wconf 90' lang='lat' dir='ltr'><em>pejum</em></span> <span class='ocrx_word' id='word_1_166' title='bbox 267 1477 378 1522; x_wconf 84' lang='lat' dir='ltr'><em>gesto</em></span> <span class='ocrx_word' id='word_1_167' title='bbox 413 1474 624 1511; x_wconf 78' lang='lat' dir='ltr'><em>maximam</em></span> <span class='ocrx_word' id='word_1_168' title='bbox 658 1474 794 1511; x_wconf 88' lang='lat' dir='ltr'><em>classis</em></span> <span class='ocrx_word' id='word_1_169' title='bbox 829 1477 980 1522; x_wconf 85' lang='lat' dir='ltr'><em>partem</em></span> <span class='ocrx_word' id='word_1_170' title='bbox 1007 1477 1046 1511; x_wconf 89' lang='lat' dir='ltr'><em>et</em></span> <span class='ocrx_word' id='word_1_171' title='bbox 1072 1476 1284 1524; x_wconf 89' lang='lat' dir='ltr'><em>permultas</em></span> <span class='ocrx_word' id='word_1_172' title='bbox 1311 1476 1444 1524; x_wconf 83' lang='lat' dir='ltr'><em>copias</em></span> 
     </span>
     <span class='ocr_line' id='line_1_21' title="bbox 99 1533 1444 1585; baseline 0 -11"><span class='ocrx_word' id='word_1_173' title='bbox 99 1538 202 1574; x_wconf 86' lang='lat' dir='ltr'><em>circa</em></span> <span class='ocrx_word' id='word_1_174' title='bbox 229 1537 449 1583; x_wconf 86' lang='lat' dir='ltr'><em>Scyllaeum</em></span> <span class='ocrx_word' id='word_1_175' title='bbox 482 1536 791 1584; x_wconf 89' lang='lat' dir='ltr'><em>promontorium</em></span> <span class='ocrx_word' id='word_1_176' title='bbox 816 1537 997 1584; x_wconf 90' lang='lat' dir='ltr'><em>procellis</em></span> <span class='ocrx_word' id='word_1_177' title='bbox 1025 1533 1066 1574; x_wconf 77' lang='lat' dir='ltr'><em>et</em></span> <span class='ocrx_word' id='word_1_178' title='bbox 1092 1537 1132 1574; x_wconf 88' lang='lat' dir='ltr'><em>vi</em></span> <span class='ocrx_word' id='word_1_179' title='bbox 1156 1537 1289 1574; x_wconf 90' lang='lat' dir='ltr'><em>hostili</em></span> <span class='ocrx_word' id='word_1_180' title='bbox 1314 1536 1444 1585; x_wconf 89' lang='lat' dir='ltr'><em>perdi-</em></span> 
     </span>
     <span class='ocr_line' id='line_1_22' title="bbox 99 1597 1444 1649; baseline -0.001 -13"><span class='ocrx_word' id='word_1_181' title='bbox 99 1598 245 1649; x_wconf 90' lang='lat' dir='ltr'><em>disset,</em></span> <span class='ocrx_word' id='word_1_182' title='bbox 273 1597 324 1635; x_wconf 90' lang='lat' dir='ltr'><em>ad</em></span> <span class='ocrx_word' id='word_1_183' title='bbox 350 1598 566 1635; x_wconf 88' lang='lat' dir='ltr'><em>Antonium</em></span> <span class='ocrx_word' id='word_1_184' title='bbox 591 1597 699 1634; x_wconf 89' lang='lat' dir='ltr'><em>misit</em></span> <span class='ocrx_word' id='word_1_185' title='bbox 733 1597 1023 1648; x_wconf 86' lang='lat' dir='ltr'><em>Maecenatem,</em></span> <span class='ocrx_word' id='word_1_186' title='bbox 1060 1598 1127 1647; x_wconf 91' lang='lat' dir='ltr'><em>qui</em></span> <span class='ocrx_word' id='word_1_187' title='bbox 1161 1601 1200 1636; x_wconf 90' lang='lat' dir='ltr'><em>et</em></span> <span class='ocrx_word' id='word_1_188' title='bbox 1227 1599 1444 1635; x_wconf 86' lang='lat' dir='ltr'><em>simultates</em></span> 
     </span>
     <span class='ocr_line' id='line_1_23' title="bbox 98 1659 1445 1709; baseline 0 -12"><span class='ocrx_word' id='word_1_189' title='bbox 98 1662 205 1698; x_wconf 92' lang='lat' dir='ltr'><em>ortas</em></span> <span class='ocrx_word' id='word_1_190' title='bbox 241 1662 492 1709; x_wconf 87' lang='lat' dir='ltr'><em>componeret</em></span> <span class='ocrx_word' id='word_1_191' title='bbox 527 1661 566 1696; x_wconf 91' lang='lat' dir='ltr'><em>et</em></span> <span class='ocrx_word' id='word_1_192' title='bbox 600 1659 651 1696; x_wconf 89' lang='lat' dir='ltr'><em>ad</em></span> <span class='ocrx_word' id='word_1_193' title='bbox 687 1659 780 1696; x_wconf 88' lang='lat' dir='ltr'><em>belli</em></span> <span class='ocrx_word' id='word_1_194' title='bbox 820 1659 1049 1698; x_wconf 88' lang='lat' dir='ltr'><em>societatem</em></span> <span class='ocrx_word' id='word_1_195' title='bbox 1084 1670 1173 1697; x_wconf 88' lang='lat' dir='ltr'><em>eum</em></span> <span class='ocrx_word' id='word_1_196' title='bbox 1198 1660 1445 1709; x_wconf 84' lang='lat' dir='ltr'><em>pertraheret</em></span> 
     </span>
     <span class='ocr_line' id='line_1_24' title="bbox 99 1716 1444 1774; baseline -0.001 -14"><span class='ocrx_word' id='word_1_197' title='bbox 99 1719 290 1774; x_wconf 85' lang='lat' dir='ltr'><em>(Appian.</em></span> <span class='ocrx_word' id='word_1_198' title='bbox 319 1722 357 1759; x_wconf 93' lang='lat' dir='ltr'><em>b.</em></span> <span class='ocrx_word' id='word_1_199' title='bbox 386 1724 458 1760; x_wconf 91' lang='lat' dir='ltr'><em>civ.</em></span> <span class='ocrx_word' id='word_1_200' title='bbox 487 1721 532 1771; x_wconf 87' lang='lat'><em>5,</em></span> <span class='ocrx_word' id='word_1_201' title='bbox 559 1716 656 1774; x_wconf 66' lang='lat'><em>92).</em></span> <span class='ocrx_word' id='word_1_202' title='bbox 712 1721 904 1764; x_wconf 84' lang='lat' dir='ltr'><em>Quocirca</em></span> <span class='ocrx_word' id='word_1_203' title='bbox 928 1721 1124 1758; x_wconf 92' lang='lat' dir='ltr'><em>Antonius</em></span> <span class='ocrx_word' id='word_1_204' title='bbox 1157 1721 1317 1759; x_wconf 89' lang='lat' dir='ltr'><em>ineunte</em></span> <span class='ocrx_word' id='word_1_205' title='bbox 1350 1732 1444 1758; x_wconf 90' lang='lat' dir='ltr'><em>vere</em></span> 
     </span>
     <span class='ocr_line' id='line_1_25' title="bbox 99 1782 1444 1822; baseline -0.002 0"><span class='ocrx_word' id='word_1_206' title='bbox 99 1796 134 1822; x_wconf 86' lang='lat' dir='ltr'><em>a.</em></span> <span class='ocrx_word' id='word_1_207' title='bbox 171 1784 257 1822; x_wconf 86' lang='lat'><em>717.</em></span> <span class='ocrx_word' id='word_1_208' title='bbox 309 1783 476 1821; x_wconf 89' lang='lat' dir='ltr'><em>Athenis</em></span> <span class='ocrx_word' id='word_1_209' title='bbox 512 1794 600 1820; x_wconf 88' lang='lat' dir='ltr'><em>cum</em></span> <span class='ocrx_word' id='word_1_210' title='bbox 634 1783 821 1819; x_wconf 86' lang='lat' dir='ltr'><em>trecentis</em></span> <span class='ocrx_word' id='word_1_211' title='bbox 857 1782 1022 1819; x_wconf 85' lang='lat' dir='ltr'><em>navibus</em></span> <span class='ocrx_word' id='word_1_212' title='bbox 1065 1784 1108 1820; x_wconf 92' lang='lat' dir='ltr'><em>in</em></span> <span class='ocrx_word' id='word_1_213' title='bbox 1140 1782 1293 1820; x_wconf 86' lang='lat' dir='ltr'><em>Italiam</em></span> <span class='ocrx_word' id='word_1_214' title='bbox 1334 1782 1444 1819; x_wconf 85' lang='lat' dir='ltr'><em>venit</em></span> 
     </span>
     <span class='ocr_line' id='line_1_26' title="bbox 100 1840 1443 1900; baseline -0.002 -17"><span class='ocrx_word' id='word_1_215' title='bbox 100 1843 234 1900; x_wconf 88' lang='lat' dir='ltr'><em>(App.</em></span> <span class='ocrx_word' id='word_1_216' title='bbox 262 1845 307 1896; x_wconf 88' lang='lat'><em>5,</em></span> <span class='ocrx_word' id='word_1_217' title='bbox 334 1846 395 1882; x_wconf 83' lang='lat'><em>93.</em></span> <span class='ocrx_word' id='word_1_218' title='bbox 423 1845 502 1883; x_wconf 93' lang='lat' dir='ltr'><em>Dio</em></span> <span class='ocrx_word' id='word_1_219' title='bbox 529 1845 599 1894; x_wconf 81' lang='lat'><em>48,</em></span> <span class='ocrx_word' id='word_1_220' title='bbox 628 1844 687 1881; x_wconf 78' lang='lat'><em>54.</em></span> <span class='ocrx_word' id='word_1_221' title='bbox 715 1844 815 1881; x_wconf 89' lang='lat' dir='ltr'><em>Plut.</em></span> <span class='ocrx_word' id='word_1_222' title='bbox 843 1845 934 1880; x_wconf 87' lang='lat' dir='ltr'><em>Ant.</em></span> <span class='ocrx_word' id='word_1_223' title='bbox 963 1840 1076 1896; x_wconf 86' lang='lat'><em>35.)‚</em></span> <span class='ocrx_word' id='word_1_224' title='bbox 1106 1844 1332 1881; x_wconf 86' lang='lat' dir='ltr'><em>societatem</em></span> <span class='ocrx_word' id='word_1_225' title='bbox 1358 1844 1443 1892; x_wconf 91' lang='lat' dir='ltr'><em>qui-</em></span> 
     </span>
     <span class='ocr_line' id='line_1_27' title="bbox 101 1905 1443 1955; baseline -0.002 -10"><span class='ocrx_word' id='word_1_226' title='bbox 101 1909 191 1945; x_wconf 90' lang='lat' dir='ltr'><em>dem</em></span> <span class='ocrx_word' id='word_1_227' title='bbox 223 1907 316 1944; x_wconf 89' lang='lat' dir='ltr'><em>belli</em></span> <span class='ocrx_word' id='word_1_228' title='bbox 351 1908 486 1943; x_wconf 91' lang='lat' dir='ltr'><em>contra</em></span> <span class='ocrx_word' id='word_1_229' title='bbox 519 1905 745 1953; x_wconf 76' lang='lat' dir='ltr'><em>PompeJum</em></span> <span class='ocrx_word' id='word_1_230' title='bbox 772 1905 933 1952; x_wconf 84' lang='lat' dir='ltr'><em>gerendi</em></span> <span class='ocrx_word' id='word_1_231' title='bbox 966 1906 1250 1955; x_wconf 81' lang='lat' dir='ltr'><em>praetendens,</em></span> <span class='ocrx_word' id='word_1_232' title='bbox 1287 1905 1356 1942; x_wconf 91' lang='lat' dir='ltr'><em>sed</em></span> <span class='ocrx_word' id='word_1_233' title='bbox 1381 1916 1443 1942; x_wconf 90' lang='lat' dir='ltr'><em>re-</em></span> 
     </span>
     <span class='ocr_line' id='line_1_28' title="bbox 100 1966 1442 2016; baseline -0.003 -9"><span class='ocrx_word' id='word_1_234' title='bbox 100 1981 194 2007; x_wconf 88' lang='lat' dir='ltr'><em>vera</em></span> <span class='ocrx_word' id='word_1_235' title='bbox 219 1980 299 2006; x_wconf 92' lang='lat' dir='ltr'><em>non</em></span> <span class='ocrx_word' id='word_1_236' title='bbox 325 1971 406 2005; x_wconf 89' lang='lat' dir='ltr'><em>tam</em></span> <span class='ocrx_word' id='word_1_237' title='bbox 432 1967 574 2014; x_wconf 85' lang='lat' dir='ltr'><em>agendi</em></span> <span class='ocrx_word' id='word_1_238' title='bbox 609 1978 726 2016; x_wconf 88' lang='lat' dir='ltr'><em>quam</em></span> <span class='ocrx_word' id='word_1_239' title='bbox 761 1966 986 2015; x_wconf 89' lang='lat' dir='ltr'><em>speculandi</em></span> <span class='ocrx_word' id='word_1_240' title='bbox 1021 1978 1170 2004; x_wconf 87' lang='lat' dir='ltr'><em>caussa.</em></span> <span class='ocrx_word' id='word_1_241' title='bbox 1222 1966 1442 2015; x_wconf 82' lang='lat' dir='ltr'><em>Exaspera-</em></span> 
     </span>
     <span class='ocr_line' id='line_1_29' title="bbox 100 2028 1442 2078; baseline -0.003 -9"><span class='ocrx_word' id='word_1_242' title='bbox 100 2034 163 2069; x_wconf 91' lang='lat' dir='ltr'><em>tus</em></span> <span class='ocrx_word' id='word_1_243' title='bbox 191 2032 295 2068; x_wconf 90' lang='lat' dir='ltr'><em>enim</em></span> <span class='ocrx_word' id='word_1_244' title='bbox 322 2032 371 2069; x_wconf 93' lang='lat' dir='ltr'><em>ob</em></span> <span class='ocrx_word' id='word_1_245' title='bbox 399 2029 689 2067; x_wconf 88' lang='lat' dir='ltr'><em>criminationes</em></span> <span class='ocrx_word' id='word_1_246' title='bbox 717 2029 905 2077; x_wconf 89' lang='lat' dir='ltr'><em>quasdam</em></span> <span class='ocrx_word' id='word_1_247' title='bbox 932 2030 1155 2078; x_wconf 90' lang='lat' dir='ltr'><em>suspectum</em></span> <span class='ocrx_word' id='word_1_248' title='bbox 1180 2028 1319 2065; x_wconf 87' lang='lat' dir='ltr'><em>habuit</em></span> <span class='ocrx_word' id='word_1_249' title='bbox 1345 2029 1442 2066; x_wconf 88' lang='lat' dir='ltr'><em>Cac-</em></span> 
     </span>
     <span class='ocr_line' id='line_1_30' title="bbox 101 2089 1441 2139; baseline -0.003 -8"><span class='ocrx_word' id='word_1_250' title='bbox 101 2104 240 2131; x_wconf 89' lang='lat' dir='ltr'><em>sarem.</em></span> <span class='ocrx_word' id='word_1_251' title='bbox 293 2091 544 2130; x_wconf 90' lang='lat' dir='ltr'><em>Brundisium</em></span> <span class='ocrx_word' id='word_1_252' title='bbox 569 2102 708 2128; x_wconf 82' lang='lat' dir='ltr'><em>versus</em></span> <span class='ocrx_word' id='word_1_253' title='bbox 734 2093 869 2128; x_wconf 86' lang='lat' dir='ltr'><em>vectus</em></span> <span class='ocrx_word' id='word_1_254' title='bbox 897 2093 1023 2128; x_wconf 86' lang='lat' dir='ltr'><em>castra</em></span> <span class='ocrx_word' id='word_1_255' title='bbox 1048 2090 1104 2128; x_wconf 93' lang='lat' dir='ltr'><em>ibi</em></span> <span class='ocrx_word' id='word_1_256' title='bbox 1134 2101 1281 2139; x_wconf 91' lang='lat' dir='ltr'><em>ponere</em></span> <span class='ocrx_word' id='word_1_257' title='bbox 1308 2089 1441 2127; x_wconf 89' lang='lat' dir='ltr'><em>deere-</em></span> 
     </span>
     <span class='ocr_line' id='line_1_31' title="bbox 100 2152 1441 2200; baseline -0.003 -8"><span class='ocrx_word' id='word_1_258' title='bbox 100 2158 223 2192; x_wconf 89' lang='lat' dir='ltr'><em>verat.</em></span> <span class='ocrx_word' id='word_1_259' title='bbox 285 2154 485 2192; x_wconf 88' lang='lat' dir='ltr'><em>Areebant</em></span> <span class='ocrx_word' id='word_1_260' title='bbox 519 2156 651 2190; x_wconf 86' lang='lat' dir='ltr'><em>tamen</em></span> <span class='ocrx_word' id='word_1_261' title='bbox 685 2152 922 2190; x_wconf 89' lang='lat' dir='ltr'><em>Brundisini.</em></span> <span class='ocrx_word' id='word_1_262' title='bbox 981 2153 1082 2190; x_wconf 91' lang='lat' dir='ltr'><em>Hinc</em></span> <span class='ocrx_word' id='word_1_263' title='bbox 1117 2153 1329 2190; x_wconf 86' lang='lat' dir='ltr'><em>Tarentum</em></span> <span class='ocrx_word' id='word_1_264' title='bbox 1353 2163 1441 2200; x_wconf 89' lang='lat' dir='ltr'><em>per-</em></span> 
     </span>
     <span class='ocr_line' id='line_1_32' title="bbox 100 2213 1441 2265; baseline -0.003 -11"><span class='ocrx_word' id='word_1_265' title='bbox 100 2218 214 2254; x_wconf 86' lang='lat' dir='ltr'><em>rexit.</em></span> <span class='ocrx_word' id='word_1_266' title='bbox 268 2216 423 2265; x_wconf 82' lang='lat' dir='ltr'><em>Sprevit</em></span> <span class='ocrx_word' id='word_1_267' title='bbox 448 2216 640 2265; x_wconf 88' lang='lat' dir='ltr'><em>principio</em></span> <span class='ocrx_word' id='word_1_268' title='bbox 669 2216 813 2253; x_wconf 88' lang='lat' dir='ltr'><em>Caesar</em></span> <span class='ocrx_word' id='word_1_269' title='bbox 845 2225 958 2264; x_wconf 88' lang='lat' dir='ltr'><em>opem</em></span> <span class='ocrx_word' id='word_1_270' title='bbox 985 2215 1034 2252; x_wconf 86' lang='lat' dir='ltr'><em>ab</em></span> <span class='ocrx_word' id='word_1_271' title='bbox 1060 2213 1232 2252; x_wconf 91' lang='lat' dir='ltr'><em>Antonio</em></span> <span class='ocrx_word' id='word_1_272' title='bbox 1257 2213 1441 2264; x_wconf 89' lang='lat' dir='ltr'><em>oblatam,</em></span> 
     </span>
     <span class='ocr_line' id='line_1_33' title="bbox 103 2275 1440 2326; baseline -0.003 -10"><span class='ocrx_word' id='word_1_273' title='bbox 103 2279 185 2316; x_wconf 88' lang='lat' dir='ltr'><em>sive</em></span> <span class='ocrx_word' id='word_1_274' title='bbox 214 2278 409 2315; x_wconf 89' lang='lat' dir='ltr'><em>subiratus</em></span> <span class='ocrx_word' id='word_1_275' title='bbox 437 2277 541 2326; x_wconf 92' lang='lat' dir='ltr'><em>quod</em></span> <span class='ocrx_word' id='word_1_276' title='bbox 567 2288 668 2315; x_wconf 88' lang='lat' dir='ltr'><em>anno</em></span> <span class='ocrx_word' id='word_1_277' title='bbox 694 2277 945 2326; x_wconf 82' lang='lat' dir='ltr'><em>praecedenti</em></span> <span class='ocrx_word' id='word_1_278' title='bbox 975 2287 1055 2313; x_wconf 92' lang='lat' dir='ltr'><em>non</em></span> <span class='ocrx_word' id='word_1_279' title='bbox 1079 2276 1254 2313; x_wconf 88' lang='lat' dir='ltr'><em>venisset</em></span> <span class='ocrx_word' id='word_1_280' title='bbox 1279 2275 1440 2324; x_wconf 81' lang='lat' dir='ltr'><em>auxilio,</em></span> 
     </span>
     <span class='ocr_line' id='line_1_34' title="bbox 104 2335 1440 2392; baseline -0.004 -15"><span class='ocrx_word' id='word_1_281' title='bbox 104 2340 186 2377; x_wconf 90' lang='lat' dir='ltr'><em>sive</em></span> <span class='ocrx_word' id='word_1_282' title='bbox 213 2351 402 2390; x_wconf 86' lang='lat' dir='ltr'><em>prospera</em></span> <span class='ocrx_word' id='word_1_283' title='bbox 427 2341 582 2376; x_wconf 89' lang='lat' dir='ltr'><em>fortuna</em></span> <span class='ocrx_word' id='word_1_284' title='bbox 609 2340 733 2376; x_wconf 83' lang='lat' dir='ltr'><em>elatus</em></span> <span class='ocrx_word' id='word_1_285' title='bbox 761 2335 884 2392; x_wconf 90' lang='lat' dir='ltr'><em>(App.</em></span> <span class='ocrx_word' id='word_1_286' title='bbox 905 2339 949 2388; x_wconf 87' lang='lat'><em>5,</em></span> <span class='ocrx_word' id='word_1_287' title='bbox 977 2335 1075 2391; x_wconf 84' lang='lat'><em>93.).</em></span> <span class='ocrx_word' id='word_1_288' title='bbox 1128 2338 1180 2376; x_wconf 92' lang='lat' dir='ltr'><em>Et</em></span> <span class='ocrx_word' id='word_1_289' title='bbox 1206 2349 1293 2375; x_wconf 90' lang='lat' dir='ltr'><em>cum</em></span> <span class='ocrx_word' id='word_1_290' title='bbox 1318 2338 1440 2375; x_wconf 91' lang='lat' dir='ltr'><em>Anto-</em></span> 
     </span>
     <span class='ocr_line' id='line_1_35' title="bbox 105 2400 1441 2449; baseline -0.003 -10"><span class='ocrx_word' id='word_1_291' title='bbox 105 2402 211 2439; x_wconf 79' lang='lat' dir='ltr'><em>nium</em></span> <span class='ocrx_word' id='word_1_292' title='bbox 235 2402 359 2439; x_wconf 91' lang='lat' dir='ltr'><em>nollet</em></span> <span class='ocrx_word' id='word_1_293' title='bbox 385 2402 593 2439; x_wconf 83' lang='lat' dir='ltr'><em>convenire</em></span> <span class='ocrx_word' id='word_1_294' title='bbox 621 2411 854 2449; x_wconf 88' lang='lat' dir='ltr'><em>quamquam</em></span> <span class='ocrx_word' id='word_1_295' title='bbox 880 2400 1085 2448; x_wconf 89' lang='lat' dir='ltr'><em>aliquoties</em></span> <span class='ocrx_word' id='word_1_296' title='bbox 1112 2401 1309 2449; x_wconf 87' lang='lat' dir='ltr'><em>evocatus,</em></span> <span class='ocrx_word' id='word_1_297' title='bbox 1336 2400 1441 2434; x_wconf 90' lang='lat' dir='ltr'><em>uter-</em></span> 
     </span>
     <span class='ocr_line' id='line_1_36' title="bbox 106 2459 1440 2513; baseline -0.003 -14"><span class='ocrx_word' id='word_1_298' title='bbox 106 2473 180 2510; x_wconf 91' lang='lat' dir='ltr'><em>que</em></span> <span class='ocrx_word' id='word_1_299' title='bbox 206 2463 417 2513; x_wconf 89' lang='lat' dir='ltr'><em>imperator</em></span> <span class='ocrx_word' id='word_1_300' title='bbox 451 2475 523 2512; x_wconf 90' lang='lat' dir='ltr'><em>per</em></span> <span class='ocrx_word' id='word_1_301' title='bbox 557 2463 701 2501; x_wconf 90' lang='lat' dir='ltr'><em>amicos</em></span> <span class='ocrx_word' id='word_1_302' title='bbox 738 2464 778 2500; x_wconf 91' lang='lat' dir='ltr'><em>et</em></span> <span class='ocrx_word' id='word_1_303' title='bbox 811 2462 1078 2500; x_wconf 86' lang='lat' dir='ltr'><em>internuncios</em></span> <span class='ocrx_word' id='word_1_304' title='bbox 1113 2473 1197 2499; x_wconf 91' lang='lat' dir='ltr'><em>rem</em></span> <span class='ocrx_word' id='word_1_305' title='bbox 1224 2471 1333 2498; x_wconf 87' lang='lat' dir='ltr'><em>suam</em></span> <span class='ocrx_word' id='word_1_306' title='bbox 1359 2459 1440 2506; x_wconf 85' lang='lat' dir='ltr'><em>egit</em></span> 
     </span>
     <span class='ocr_line' id='line_1_37' title="bbox 107 2518 1439 2576; baseline -0.002 -16"><span class='ocrx_word' id='word_1_307' title='bbox 107 2526 446 2574; x_wconf 84' lang='lat' dir='ltr'><em>expostulavitque</em></span> <span class='ocrx_word' id='word_1_308' title='bbox 473 2526 576 2563; x_wconf 89' lang='lat' dir='ltr'><em>inter</em></span> <span class='ocrx_word' id='word_1_309' title='bbox 603 2537 645 2563; x_wconf 86' lang='lat' dir='ltr'><em>sc</em></span> <span class='ocrx_word' id='word_1_310' title='bbox 672 2521 771 2576; x_wconf 87' lang='lat' dir='ltr'><em>(Dio</em></span> <span class='ocrx_word' id='word_1_311' title='bbox 797 2524 822 2561; x_wconf 87' lang='lat' dir='ltr'><em>l.</em></span> <span class='ocrx_word' id='word_1_312' title='bbox 849 2524 875 2560; x_wconf 92' lang='lat' dir='ltr'><em>l.</em></span> <span class='ocrx_word' id='word_1_313' title='bbox 904 2525 1008 2576; x_wconf 68' lang='lat' dir='ltr'><em>nolu¹</em></span> <span class='ocrx_word' id='word_1_314' title='bbox 1025 2520 1070 2562; x_wconf 76' lang='grc' dir='ltr'><em>δὲ</em></span> <span class='ocrx_word' id='word_1_315' title='bbox 1094 2523 1117 2572; x_wconf 82' lang='grc' dir='ltr'>ἢ</span> <span class='ocrx_word' id='word_1_316' title='bbox 1144 2521 1338 2561; x_wconf 80' lang='grc' dir='ltr'><em>ἀποπλέιν</em></span> <span class='ocrx_word' id='word_1_317' title='bbox 1363 2518 1439 2558; x_wconf 84' lang='grc' dir='ltr'><em>αὗ-</em></span> 
     </span>
     <span class='ocr_line' id='line_1_38' title="bbox 105 2580 1439 2639; baseline -0.001 -17"><span class='ocrx_word' id='word_1_318' title='bbox 105 2582 196 2633; x_wconf 81' lang='grc' dir='ltr'><em>τὸν,</em></span> <span class='ocrx_word' id='word_1_319' title='bbox 230 2581 446 2636; x_wconf 73' lang='grc' dir='ltr'><em>ᾐτιάσαντο</em></span> <span class='ocrx_word' id='word_1_320' title='bbox 473 2586 686 2636; x_wconf 77' lang='grc' dir='ltr'><em>ἀλλήλους,</em></span> <span class='ocrx_word' id='word_1_321' title='bbox 713 2585 906 2639; x_wconf 81' lang='grc' dir='ltr'><em>πρότερον</em></span> <span class='ocrx_word' id='word_1_322' title='bbox 931 2584 1004 2635; x_wconf 77' lang='grc' dir='ltr'><em>μὲν</em></span> <span class='ocrx_word' id='word_1_323' title='bbox 1039 2582 1107 2624; x_wconf 73' lang='grc' dir='ltr'><em>διὰ</em></span> <span class='ocrx_word' id='word_1_324' title='bbox 1142 2583 1223 2621; x_wconf 77' lang='grc' dir='ltr'><em>τῶν</em></span> <span class='ocrx_word' id='word_1_325' title='bbox 1260 2580 1439 2634; x_wconf 75' lang='grc' dir='ltr'><em>ἑταίρων,</em></span> 
     </span>
    </p>
   </div>
   <div class='ocr_carea' id='block_1_2' title="bbox 1150 2645 1171 2685">
    <p class='ocr_par' dir='ltr' id='par_1_2' title="bbox 1150 2645 1171 2685">
     <span class='ocr_line' id='line_1_39' title="bbox 1150 2645 1171 2685; baseline 0 0"><span class='ocrx_word' id='word_1_326' title='bbox 1150 2645 1171 2685; x_wconf 77' lang='lat'><em>‘1</em></span> 
     </span>
    </p>
   </div>
  </div>
 </body>
</html>
