1643 2959
687 215 974 255 —184—

270 325 422 363 Incerta
447 325 506 360 est
532 323 639 358 aetas
666 321 951 358 cAmums
975 321 1102 358 xv!-
1145 323 1311 372 „Otz'um
1327 325 1491 377 Divo-(2,

170 387 247 424 nisi
272 386 375 435 quod
390 386 479 432 post
496 394 529 420 a.
547 383 632 420 722.
650 383 835 431 seriptum
853 395 939 420 esse
958 382 1087 433 debet,
1115 384 1206 431 quia
1220 385 1312 422 villa
1329 399 1492 424 comme-

170 450 341 484 moratur
373 457 408 482 V.
442 445 502 482 37.
530 446 659 494 „mihi
680 456 814 493 parva
838 443 977 482 rura“.
1037 445 1109 482 Est
1135 445 1252 482 etiam
1277 448 1381 494 quod
1403 460 1491 496 pro-

170 511 258 556 pter
291 506 454 543 similem
488 506 654 543 colorem
688 507 898 543 carminum
931 506 1021 543 libri
1053 506 1102 543 H.
1138 506 1195 543 15.
1222 509 1262 543 et
1289 507 1372 557 18.,
1403 510 1493 546 libri

171 569 237 605 ΙΠ.
272 567 305 605 l.
339 567 373 604 6.
401 569 441 604 et
474 567 534 605 24.
571 569 746 604 nostrum
783 567 860 603 illis
900 569 1074 614 tempore
1112 568 1371 617 propinquum
1408 580 1494 606 esse

171 627 375 678 conjicias,
410 631 685 678 exaratumque
712 641 745 666 a.
772 629 856 666 726.
908 628 983 664 Sed
1018 628 1154 665 fallunt
1186 630 1291 668 talia.
1351 630 1497 668 Grotef.

170 701 208 737 p.
234 690 318 728 470.
344 689 401 728 b.:
427 690 511 727 727.

273 812 516 849 cARMRN
539 812 690 849 xvu.
709 814 826 863 „Cur
839 824 902 852 me
927 815 1126 863 querelis»
1151 826 1185 851 a.
1200 814 1285 851 728.
1315 815 1500 863 scriptum

173 885 259 912 esse
287 886 404 923 supra
430 874 513 911 dixi
537 885 625 923 pag.
657 875 740 912 162.
793 876 878 912 Hoc
912 876 1023 912 addo.
1077 877 1166 913 Non
1199 887 1338 922 magna
1369 877 1500 924 potest

172 936 274 972 inter
299 936 372 972 hoc
389 946 544 972 carmen
570 939 610 972 et
633 937 690 972 13.
713 938 821 986 „Ille
846 942 885 974 et
907 935 1094 983 nefasto„
1120 937 1307 984 temporis
1335 937 1499 973 interca-

171 996 274 1045 pedo
300 1008 408 1045 esse,
443 996 547 1043 quod
579 997 784 1044 Horatius,
820 999 1006 1044 quantum
1040 1007 1090 1032 ex
1127 997 1202 1033 fine
1235 997 1501 1046 intelligimus,

174 1057 401 1093 sacrificium
434 1057 568 1093 Fauno
603 1057 836 1104 promissum
861 1057 1033 1094 nondum
1068 1058 1298 1095 exsolverat.
1335 1069 1371 1094 v.
1398 1059 1501 1096 Van-

174 1117 281 1154 derb.
318 1118 551 1165 Interpretes
586 1117 628 1153 in
662 1118 737 1155 alia
770 1119 899 1155 omnia
934 1119 1123 1156 abierunt.
1176 1119 1356 1166 Plerique
1390 1119 1438 1156 de
1465 1131 1500 1156 a.

173 1179 258 1215 733.
288 1181 355 1215 aut
381 1178 465 1214 734.
495 1178 723 1224 cogitarunt.
778 1180 853 1216 Sed
886 1182 969 1217 toto
1005 1180 1112 1216 coelo
1139 1178 1202 1216 hic
1229 1180 1372 1216 erravit
1397 1181 1501 1217 Mas-

176 1250 316 1289 sonus,
352 1239 419 1287 qui
444 1238 485 1275 in
510 1239 579 1275 vit.
608 1240 699 1276 Hor.
728 1252 765 1289 p.
795 1241 879 1277 352.
909 1244 949 1278 et
974 1242 1016 1277 in
1041 1241 1130 1277 hist.
1160 1240 1244 1276 crit.
1271 1243 1362 1277 tom.
1388 1242 1434 1278 V.
1462 1252 1498 1290 p.

177 1300 260 1337 172.
287 1300 325 1337 b.
354 1310 507 1337 carmen
533 1311 567 1337 a.
596 1301 680 1338 743.
709 1302 926 1351 adscripsit.

275 1422 383 1460 Inter
409 1423 651 1461 mmmmm
676 1425 996 1475 xvl11.„Non
1022 1426 1123 1465 ebur
1148 1435 1278 1475 neque
1305 1424 1505 1463 aureum”

176 1481 400 1537 (evidenter
432 1488 522 1534 post
555 1498 589 1523 a.
625 1486 710 1523 722.
747 1487 933 1535 scriptum
972 1487 1022 1524 ob
1048 1499 1084 1523 v.
1115 1487 1172 1524 14.
1209 1486 1340 1536 „Satis
1366 1485 1504 1523 beatus

175 1547 308 1583 unicis
331 1547 503 1585 Sabinis.
508 1548 561 1601 υ)
589 1550 629 1584 et
654 1559 768 1585 carm.
796 1549 834 1598 3,
861 1549 921 1585 24.
967 1549 1144 1598 „Intacta
1170 1547 1370 1595 opulentf'
1396 1549 1506 1584 tanta

176 1608 238 1642 est
272 1617 476 1657 sensuum,
505 1610 804 1659 sententiarum,
841 1610 936 1657 quin
961 1609 1079 1645 totius
1111 1608 1401 1656 compositionis
1419 1619 1506 1644 ver-

177 1665 389 1715 horumque
425 1669 655 1719 similitudo,
692 1673 735 1706 ut
767 1673 972 1717 utrumque
1007 1672 1180 1717 tempore
1223 1680 1303 1705 non
1344 1669 1506 1705 multum

177 1728 302 1775 possit
336 1728 439 1765 inter
472 1740 514 1766 se
549 1730 705 1767 distare.
757 1732 845 1768 Jam
878 1742 965 1767 cum
998 1730 1071 1768 hoc
1099 1732 1264 1767 exeunte
1292 1741 1393 1767 anno
1419 1729 1505 1766 725.

178 1791 245 1825 aut
278 1789 363 1825 726.
409 1790 595 1838 scriptum
636 1803 722 1828 esse
764 1792 964 1840 probabile
1000 1792 1050 1828 sit
1085 1788 1150 1845 (v.
1179 1803 1216 1839 p.
1255 1789 1391 1845 l47.):
1427 1802 1507 1828 non

178 1848 359 1898 equidem
399 1851 533 1888 dubito
572 1852 756 1889 accedere
788 1852 1025 1890 Grotefendo
1064 1863 1102 1900 p.
1143 1853 1227 1889 470.
1268 1863 1302 1889 3.
1332 1854 1507 1889 nostrum

180 1921 335 1947 carmen
360 1922 394 1947 a.
423 1911 507 1950 726.
543 1913 778 1964 assignanti,
814 1925 861 1951 eo
895 1915 1043 1963 minus,
1078 1925 1155 1962 quo
1189 1914 1301 1962 plura
1334 1913 1508 1959 eJusdem

181 1971 299 2008 animi
326 1972 562 2021 affectionis,
599 1985 675 2022 qua
700 1978 817 2023 poeta
842 1975 1155 2022 indignabundus
1181 1975 1223 2011 in
1249 1975 1387 2011 aetatis
1414 1986 1507 2011 suae

180 2032 313 2069 luxum
338 2033 554 2086 invehitur,
581 2038 829 2073 monumenta
854 2038 958 2074 certo
977 2037 1117 2073 scimus
1136 2036 1271 2073 eodem
1297 2048 1398 2073 anno
1423 2039 1509 2073 orta

183 2104 282 2131 esse.
333 2094 534 2132 Pertinent
558 2097 633 2134 huc
659 2097 719 2135 od.
748 2098 794 2148 2,
824 2098 881 2134 15.
910 2098 955 2148 3,
985 2098 1018 2134 1.
1047 2100 1086 2134 et
1110 2098 1145 2136 6.
1165 2118 1215 2126 —-
1264 2099 1381 2134 Secus
1402 2096 1506 2143 judi-

184 2153 286 2191 cavit
310 2155 536 2207 Kirchner.,
572 2157 663 2195 dum
689 2170 776 2196 ann.
814 2159 899 2196 729.
927 2159 1095 2197 natalem
1121 2158 1342 2195 dubitanter
1367 2168 1506 2206 propo-

183 2214 242 2252 nit
266 2215 308 2252 in
333 2216 411 2254 tab.
439 2217 517 2255 chr.

287 2338 571 2378 mumulus
603 2341 731 2378 ΧῙΧ-
782 2341 1018 2392 „Bacchum
1050 2343 1096 2380 in
1128 2341 1315 2380 remotis„
1340 2342 1380 2377 et
1404 2340 1508 2378 XX.

180 2400 306 2451 „Non
330 2402 507 2439 usitata„
531 2403 617 2440 finis
645 2406 686 2441 et
717 2403 919 2441 consilium
944 2414 1024 2441 non
1056 2404 1183 2441 minus
1217 2413 1331 2451 quam
1355 2404 1508 2450 tempus

187 2460 409 2498 natalicium
442 2473 599 2511 prorsus
637 2465 769 2501 latent.
831 2465 1066 2502 Kirchnerus
1108 2463 1262 2512 quidem
1304 2466 1509 2512 utrumque

190 2522 238 2559 de
264 2523 484 2570 conjectura
510 2524 559 2561 ad
585 2535 618 2561 3.
647 2525 731 2561 735.
759 2525 892 2562 retulit
924 2526 965 2562 in
991 2526 1068 2562 tab.
1096 2525 1248 2574 chron.,
1285 2524 1507 2562 Grotefend.

186 2593 228 2636 p.
256 2584 340 2622 474.
367 2584 405 2624 b.
431 2585 657 2623 vicesimum
682 2586 732 2625 ad
757 2596 791 2623 a.
820 2586 903 2622 735.
957 2586 1032 2623 Sed
1048 2596 1160 2623 nemo
1186 2586 1296 2624 facile
1323 2584 1508 2633 ejusmodi
