1659 2948
704 208 981 250 -45—

182 325 370 360 maturam
396 322 563 359 aetatem
589 320 768 370 innuens,
795 319 957 358 eandem
983 320 1062 359 fere
1089 328 1205 367 quam
1229 319 1271 355 in
1297 316 1358 355 od.
1387 318 1426 367 3,
1453 317 1510 355 14.

182 385 243 422 fin.
272 384 450 422 denotat:

381 447 474 483 Non
499 456 571 494 eyo
596 445 670 482 hoc
693 441 844 490 ferrem
870 444 1071 481 calidus
1095 440 1316 489 juventa

719 506 892 543 Consule
915 506 1070 542 Planco
1098 499 1207 554 (ann.
1234 514 1273 540 u.
1301 514 1333 540 c.
1361 498 1485 554 712.).

282 569 333 605 Et
359 579 429 605 suo
450 567 539 614 jure
566 567 730 616 primam
756 566 927 603 omnium
944 565 1156 614 epodorum
1174 564 1345 612 eclogam
1363 565 1515 601 sextam

182 630 376 667 decimam
395 629 566 680 „Altera
583 627 680 675 jam
704 625 879 665 teritur‘<
907 622 1043 679 (vulgo
1071 627 1121 662 ad
1145 626 1290 663 bellum
1314 626 1515 663 Actiacum

181 693 393 738 praeeunte
420 691 604 726 Massono
638 690 706 724 vit.
734 700 773 736 p.
803 688 886 724 138.
926 683 1111 739 relatam)
1145 687 1302 736 habuit,
1337 697 1516 734 annoque

182 764 218 788 u.
248 764 279 788 c.
310 752 393 788 713.
422 750 631 797 adscripsit
655 749 856 785 Kirchner.
884 749 927 785 in
953 751 1102 797 quaest.
1130 746 1167 798 ξ.
1196 748 1257 784 41.
1284 760 1321 796 p.
1340 749 1401 785 21.
1428 748 1516 784 Uno

180 813 299 858 igitur
337 813 377 848 et
417 811 555 847 eodem
594 812 768 858 tempore
803 810 988 846 Horatius
1023 809 1217 855 jambicae
1257 810 1297 844 et
1337 809 1516 845 satiricae

179 875 291 922 poesi
317 884 476 921 operam
504 871 622 908 dedit.
667 870 772 915 Quid
797 868 981 919 quaeris'ss
1025 871 1122 908 Cum
1147 871 1311 918 utraque
1339 881 1390 906 ex
1415 880 1516 906 com-

179 935 286 971 muni
312 936 418 971 sonte
445 933 687 983 profluxerit,
715 933 810 981 quid
836 933 959 980 magis
987 925 1304 982 consentaneum,
1332 942 1448 979 quam
1473 931 1518 968 ut

179 998 336 1045 poetam
361 1007 439 1032 uno
467 995 679 1043 eodemque
706 996 881 1042 tempore
917 994 1052 1031 credas
1080 995 1119 1030 et
1151 995 1309 1043 „tincta
1334 993 1517 1043 Lycam-

179 1060 251 1096 beo
293 1060 497 1108 sanquine
538 1059 620 1095 tela
662 1054 995 1104 deposuisses(
1041 1057 1081 1091 et
1125 1056 1451 1092 abstinuisse
1494 1066 1518 1091 a

172 1120 367 1170 „Bioneis
405 1119 662 1157 sermonibus
699 1123 738 1156 et
768 1120 856 1156 sale
888 1116 1056 1167 niyrof‘
1089 1117 1272 1153 nimirum
1310 1119 1517 1165 postquam

179 1181 341 1217 defluxit
380 1181 445 1217 ifle
485 1182 570 1217 fons
611 1182 651 1216 et
688 1181 850 1217 Flaccus
886 1180 1082 1230 „mitibus
1119 1183 1282 1215 mutare
1319 1179 1521 1227 quaesivit

176 1240 344 1280 tris-tid(
372 1239 456 1295 (od.
488 1242 529 1291 1,
559 1242 617 1278 16.
646 1237 729 1294 25).
782 1242 865 1279 Nec
899 1241 1055 1278 falleris.
1109 1240 1313 1276 Sermones
1349 1250 1451 1276 anno
1478 1251 1515 1275 u.

178 1316 207 1341 c.
235 1304 321 1340 724.
350 1304 546 1340 confectos
573 1303 693 1339 fuisse
728 1303 908 1339 vidimus.
961 1301 1127 1349 Epodon
1158 1301 1307 1338 nullum
1341 1303 1401 1338 est
1434 1312 1516 1338 car-

177 1376 288 1416 men,
317 1365 420 1414 quod
446 1367 536 1414 post
576 1376 720 1401 annum
758 1364 843 1400 723.
873 1364 1059 1412 scriptum
1085 1375 1172 1400 esse
1213 1365 1318 1399 certo
1359 1362 1514 1400 efficias.

177 1427 443 1464 Novissimum
474 1428 553 1464 VV.
581 1428 668 1464 DD.
706 1425 851 1462 habent
886 1437 1002 1462 carm.
1037 1425 1108 1464 IX.
1153 1426 1360 1476 „Quando
1394 1435 1516 1472 repo-

176 1493 285 1526 stum
304 1484 390 1540 ⁵)ss
434 1489 583 1524 Vereor
617 1489 659 1522 ut
693 1497 852 1534 prorsus
887 1489 1004 1523 recte.
1059 1488 1169 1530 Quae
1206 1488 1420 1522 extremam
1457 1497 1516 1521 se-

178 1550 266 1586 dem
292 1550 401 1585 tenet
428 1548 561 1594 ecloga
589 1549 720 1597 „Jam
738 1547 834 1594 jam
861 1545 1071 1597 efficacis<
1091 1559 1177 1584 eam
1203 1550 1399 1595 postremo
1426 1559 1516 1584 exa-

175 1612 301 1647 ratam
340 1609 527 1659 conjicio,
570 1611 652 1644 tum
687 1619 775 1645 cum
807 1609 993 1645 Horatius
1030 1609 1202 1655 syllogen
1237 1609 1383 1656 publici
1415 1608 1516 1655 juris

176 1673 347 1708 facturus
375 1673 489 1707 esset.
543 1672 603 1707 De
640 1681 716 1718 qua
750 1681 792 1706 re
829 1669 954 1706 dicam
989 1671 1136 1717 postea.
1190 1670 1303 1707 Nunc
1337 1681 1430 1706 vero
1466 1669 1514 1705 de

177 1734 360 1770 editione.
427 1732 631 1770 Horatium
678 1743 748 1779 per
795 1731 889 1767 satis
928 1731 1086 1778 longum
1122 1731 1308 1779 temporis
1349 1731 1517 1779 spatium

172 1795 326 1841 jambos
354 1795 395 1831 in
422 1794 574 1831 scriniis
602 1793 816 1842 pressisse,
857 1795 961 1829 certe
998 1793 1164 1839 sylloges
1200 1792 1412 1828 editionem
1437 1803 1515 1828 non

177 1868 407 1905 properasse
434 1855 664 1900 intelligitur
691 1865 740 1890 ex
767 1853 879 1901 epod.
911 1853 982 1898 14„
1011 1854 1053 1889 in
1080 1864 1154 1902 quo
1169 1853 1388 1890 Maecenati
1405 1853 1515 1890 iden-

176 1918 298 1954 tidem
322 1917 489 1966 roganti,
518 1927 586 1953 cur
599 1915 813 1963 promissos
836 1914 989 1960 jambos
1015 1914 1188 1951 nondum
1214 1915 1264 1951 ad
1290 1915 1404 1952 finem
1418 1926 1514 1964 per-

179 1979 346 2029 duxerit,
374 1979 430 2015 ita
456 1977 668 2025 respondet
694 1989 729 2012 v.
758 1976 816 2013 6.:

544 2041 658 2076 Deus
660 2065 679 2087 2
706 2041 806 2076 deus
831 2049 932 2076 nam
957 2050 1021 2076 me
1046 2042 1154 2076 vetat

327 2103 533 2151 Inceptos,
570 2102 690 2138 olim
712 2103 959 2147 promissum
986 2111 1172 2149 carmen,
1208 2099 1366 2137 iambos

544 2161 610 2199 Aa
633 2162 869 2200 umbilicum
896 2164 1110 2200 adducere.

275 2224 347 2261 His
373 2224 503 2261 verbis
532 2223 686 2272 epodon
712 2235 866 2273 corpus,
894 2223 999 2271 quod
1025 2223 1090 2260 edi
1115 2225 1275 2272 cuperet
1291 2223 1512 2273 Maecenas,

179 2286 432 2334 significatum
470 2297 577 2336 esse,
620 2287 710 2334 post
743 2285 961 2332 Bentlejum
995 2285 1231 2322 recentiores
1265 2287 1345 2322 fere
1379 2297 1512 2322 omnes

268 2463 307 2502 5)
331 2462 382 2492 Cf.
405 2461 538 2492 Kirchn.
563 2464 688 2502 quaest.
714 2472 746 2502 p.
770 2460 812 2494 21
839 2463 871 2493 et
894 2460 947 2493 29.
971 2461 1109 2493 Passov.
1133 2461 1192 2492 vit.
1208 2464 1273 2492 not.
1291 2460 1367 2493 183.
1392 2459 1512 2491 Weich.

180 2504 221 2535 de
242 2505 319 2537 Var.
344 2509 377 2538 et
400 2507 494 2537 Cass.
525 2517 557 2547 p.
589 2506 666 2538 210.
698 2506 823 2538 Grotef.
856 2517 888 2547 p.
913 2506 989 2539 466.
1036 2506 1199 2538 Obbarins
1230 2507 1262 2537 in
1293 2505 1389 2536 Seeb.
1421 2505 1512 2536 Jahn.

178 2547 284 2580 Klotz.
306 2552 411 2582 annal.
435 2561 510 2582 ann.
533 2551 631 2584 1835.
655 2552 719 2584 vol.
742 2551 797 2584 15.
822 2551 900 2583 fasc.
923 2552 949 2583 l.
973 2562 1003 2594 p.
1028 2552 1081 2583 65.
1107 2555 1139 2584 et
1162 2552 1193 2583 in
1211 2551 1313 2582 diurn.
1329 2550 1511 2582 Darmstad.

176 2603 252 2625 ann.
274 2594 372 2627 1834.
394 2607 426 2637 p.
451 2596 526 2628 918.
