<?xml version="1.0" encoding="UTF-8"?>
<!DOCTYPE html PUBLIC "-//W3C//DTD XHTML 1.0 Transitional//EN"
    "http://www.w3.org/TR/xhtml1/DTD/xhtml1-transitional.dtd">
<html xmlns="http://www.w3.org/1999/xhtml" xml:lang="en" lang="en">
 <head>
  <title>
</title>
<meta http-equiv="Content-Type" content="text/html;charset=utf-8" />
  <meta name='ocr-system' content='tesseract 3.04.00' />
  <meta name='ocr-capabilities' content='ocr_page ocr_carea ocr_par ocr_line ocrx_word'/>
</head>
<body>
  <div class='ocr_page' id='page_1' title='image "./fastihoratianiac00franuoft_0165.png"; bbox 0 0 1643 2959; ppageno 0'>
   <div class='ocr_carea' id='block_1_1' title="bbox 681 207 969 251">
    <p class='ocr_par' dir='ltr' id='par_1_1' title="bbox 681 207 969 251">
     <span class='ocr_line' id='line_1_1' title="bbox 681 207 969 251; baseline -0.003 0"><span class='ocrx_word' id='word_1_1' title='bbox 681 207 969 251; x_wconf 73' lang='lat'>—155-</span> 
     </span>
    </p>
   </div>
   <div class='ocr_carea' id='block_1_2' title="bbox 141 317 1495 2532">
    <p class='ocr_par' dir='ltr' id='par_1_2' title="bbox 141 317 1495 982">
     <span class='ocr_line' id='line_1_2' title="bbox 154 317 1493 369; baseline 0.004 -14"><span class='ocrx_word' id='word_1_2' title='bbox 154 319 260 366; x_wconf 81' lang='lat' dir='ltr'>gium</span> <span class='ocrx_word' id='word_1_3' title='bbox 294 317 425 356; x_wconf 81' lang='lat' dir='ltr'>verbis</span> <span class='ocrx_word' id='word_1_4' title='bbox 460 318 576 356; x_wconf 85' lang='lat' dir='ltr'>inest.</span> <span class='ocrx_word' id='word_1_5' title='bbox 638 319 744 363; x_wconf 83' lang='lat' dir='ltr'>Quin</span> <span class='ocrx_word' id='word_1_6' title='bbox 777 321 940 369; x_wconf 84' lang='lat' dir='ltr'>apparet</span> <span class='ocrx_word' id='word_1_7' title='bbox 974 319 1139 367; x_wconf 75' lang='lat' dir='ltr'>Scythas</span> <span class='ocrx_word' id='word_1_8' title='bbox 1174 321 1215 358; x_wconf 84' lang='lat' dir='ltr'>et</span> <span class='ocrx_word' id='word_1_9' title='bbox 1246 321 1411 360; x_wconf 87' lang='lat' dir='ltr'>Parthos</span> <span class='ocrx_word' id='word_1_10' title='bbox 1444 335 1493 361; x_wconf 89' lang='lat' dir='ltr'>eo</span> 
     </span>
     <span class='ocr_line' id='line_1_3' title="bbox 153 381 1492 430; baseline 0.004 -13"><span class='ocrx_word' id='word_1_11' title='bbox 153 382 328 430; x_wconf 87' lang='lat' dir='ltr'>tempore</span> <span class='ocrx_word' id='word_1_12' title='bbox 356 392 433 429; x_wconf 90' lang='lat' dir='ltr'>quo</span> <span class='ocrx_word' id='word_1_13' title='bbox 460 381 557 419; x_wconf 90' lang='lat' dir='ltr'>haec</span> <span class='ocrx_word' id='word_1_14' title='bbox 592 382 856 419; x_wconf 82' lang='lat' dir='ltr'>scriberentur</span> <span class='ocrx_word' id='word_1_15' title='bbox 890 382 1099 420; x_wconf 85' lang='lat' dir='ltr'>admodum</span> <span class='ocrx_word' id='word_1_16' title='bbox 1130 383 1326 421; x_wconf 83' lang='lat' dir='ltr'>terribiles</span> <span class='ocrx_word' id='word_1_17' title='bbox 1352 385 1492 422; x_wconf 86' lang='lat' dir='ltr'>Roma-</span> 
     </span>
     <span class='ocr_line' id='line_1_4' title="bbox 151 442 1494 496; baseline 0.004 -17"><span class='ocrx_word' id='word_1_18' title='bbox 151 442 214 479; x_wconf 90' lang='lat' dir='ltr'>nis</span> <span class='ocrx_word' id='word_1_19' title='bbox 256 445 296 480; x_wconf 85' lang='lat' dir='ltr'>et</span> <span class='ocrx_word' id='word_1_20' title='bbox 335 443 449 491; x_wconf 86' lang='lat' dir='ltr'>plane</span> <span class='ocrx_word' id='word_1_21' title='bbox 490 443 658 480; x_wconf 88' lang='lat' dir='ltr'>invictos</span> <span class='ocrx_word' id='word_1_22' title='bbox 697 443 830 481; x_wconf 86' lang='lat' dir='ltr'>fuisse.</span> <span class='ocrx_word' id='word_1_23' title='bbox 895 445 1063 494; x_wconf 89' lang='lat' dir='ltr'>Amore,</span> <span class='ocrx_word' id='word_1_24' title='bbox 1098 444 1248 496; x_wconf 89' lang='lat' dir='ltr'>inquit,</span> <span class='ocrx_word' id='word_1_25' title='bbox 1282 446 1494 494; x_wconf 87' lang='lat' dir='ltr'>prohibeor</span> 
     </span>
     <span class='ocr_line' id='line_1_5' title="bbox 151 504 1494 554; baseline 0.002 -12"><span class='ocrx_word' id='word_1_26' title='bbox 151 505 360 553; x_wconf 88' lang='lat' dir='ltr'>quominus</span> <span class='ocrx_word' id='word_1_27' title='bbox 395 505 625 552; x_wconf 82' lang='lat' dir='ltr'>Scytharum</span> <span class='ocrx_word' id='word_1_28' title='bbox 652 507 692 542; x_wconf 90' lang='lat' dir='ltr'>et</span> <span class='ocrx_word' id='word_1_29' title='bbox 714 504 885 552; x_wconf 79' lang='lat' dir='ltr'>fortiam</span> <span class='ocrx_word' id='word_1_30' title='bbox 917 506 1149 543; x_wconf 80' lang='lat' dir='ltr'>Parthorum</span> <span class='ocrx_word' id='word_1_31' title='bbox 1182 518 1249 543; x_wconf 86' lang='lat' dir='ltr'>res</span> <span class='ocrx_word' id='word_1_32' title='bbox 1272 510 1403 554; x_wconf 88' lang='lat' dir='ltr'>gestas</span> <span class='ocrx_word' id='word_1_33' title='bbox 1430 520 1494 545; x_wconf 92' lang='lat' dir='ltr'>ca-</span> 
     </span>
     <span class='ocr_line' id='line_1_6' title="bbox 151 564 1495 622; baseline 0.004 -20"><span class='ocrx_word' id='word_1_34' title='bbox 151 577 254 604; x_wconf 88' lang='lat' dir='ltr'>nam.</span> <span class='ocrx_word' id='word_1_35' title='bbox 306 567 422 605; x_wconf 87' lang='lat' dir='ltr'>Nosti</span> <span class='ocrx_word' id='word_1_36' title='bbox 449 567 553 603; x_wconf 89' lang='lat' dir='ltr'>enim</span> <span class='ocrx_word' id='word_1_37' title='bbox 579 567 837 604; x_wconf 88' lang='lat' dir='ltr'>Horatianum</span> <span class='ocrx_word' id='word_1_38' title='bbox 862 567 957 605; x_wconf 89' lang='lat' dir='ltr'>illud</span> <span class='ocrx_word' id='word_1_39' title='bbox 985 564 1069 620; x_wconf 90' lang='lat' dir='ltr'>(od.</span> <span class='ocrx_word' id='word_1_40' title='bbox 1097 568 1142 618; x_wconf 84' lang='lat'>2,</span> <span class='ocrx_word' id='word_1_41' title='bbox 1173 569 1232 605; x_wconf 86' lang='lat'>13.</span> <span class='ocrx_word' id='word_1_42' title='bbox 1261 568 1366 622; x_wconf 85' lang='lat'><strong>17.):</strong></span> <span class='ocrx_word' id='word_1_43' title='bbox 1386 572 1495 620; x_wconf 71' lang='lat' dir='ltr'><em>„Mi-</em></span> 
     </span>
     <span class='ocr_line' id='line_1_7' title="bbox 151 626 1492 684; baseline 0.003 -19"><span class='ocrx_word' id='word_1_44' title='bbox 151 629 210 665; x_wconf 76' lang='lat' dir='ltr'>les</span> <span class='ocrx_word' id='word_1_45' title='bbox 242 631 418 677; x_wconf 75' lang='lat' dir='ltr'>sayitcas</span> <span class='ocrx_word' id='word_1_46' title='bbox 451 633 489 667; x_wconf 79' lang='lat' dir='ltr'>et</span> <span class='ocrx_word' id='word_1_47' title='bbox 521 630 691 667; x_wconf 82' lang='lat' dir='ltr'>celerem</span> <span class='ocrx_word' id='word_1_48' title='bbox 721 627 868 678; x_wconf 77' lang='lat' dir='ltr'>fayam</span> <span class='ocrx_word' id='word_1_49' title='bbox 900 630 1070 668; x_wconf 69' lang='lat' dir='ltr'>Parthi»</span> <span class='ocrx_word' id='word_1_50' title='bbox 1096 626 1415 684; x_wconf 80' lang='lat' dir='ltr'>(perhorrescit).</span> <span class='ocrx_word' id='word_1_51' title='bbox 1444 633 1492 669; x_wconf 85' lang='lat' dir='ltr'>cf.</span> 
     </span>
     <span class='ocr_line' id='line_1_8' title="bbox 150 690 1494 742; baseline 0.003 -16"><span class='ocrx_word' id='word_1_52' title='bbox 150 690 257 738; x_wconf 84' lang='lat' dir='ltr'>Virg.</span> <span class='ocrx_word' id='word_1_53' title='bbox 287 691 428 737; x_wconf 88' lang='lat' dir='ltr'>Georg.</span> <span class='ocrx_word' id='word_1_54' title='bbox 457 691 502 740; x_wconf 85' lang='lat'>3,</span> <span class='ocrx_word' id='word_1_55' title='bbox 530 691 592 727; x_wconf 87' lang='lat'>31.</span> <span class='ocrx_word' id='word_1_56' title='bbox 620 691 763 728; x_wconf 84' lang='lat' dir='ltr'>Justin.</span> <span class='ocrx_word' id='word_1_57' title='bbox 791 691 862 741; x_wconf 98' lang='lat'>41,</span> <span class='ocrx_word' id='word_1_58' title='bbox 890 691 926 728; x_wconf 89' lang='lat'><strong>2.</strong></span> <span class='ocrx_word' id='word_1_59' title='bbox 953 714 1005 719; x_wconf 81' lang='grc'>--</span> <span class='ocrx_word' id='word_1_60' title='bbox 1054 691 1180 728; x_wconf 88' lang='lat' dir='ltr'>Multo</span> <span class='ocrx_word' id='word_1_61' title='bbox 1210 692 1329 738; x_wconf 85' lang='lat' dir='ltr'>igitur</span> <span class='ocrx_word' id='word_1_62' title='bbox 1353 693 1494 742; x_wconf 88' lang='lat' dir='ltr'>proba-</span> 
     </span>
     <span class='ocr_line' id='line_1_9' title="bbox 150 751 1495 802; baseline 0.003 -14"><span class='ocrx_word' id='word_1_63' title='bbox 150 751 291 802; x_wconf 81' lang='lat' dir='ltr'>bilius,</span> <span class='ocrx_word' id='word_1_64' title='bbox 319 754 527 800; x_wconf 81' lang='lat' dir='ltr'>postquam</span> <span class='ocrx_word' id='word_1_65' title='bbox 548 752 630 797; x_wconf 79' lang='lat' dir='ltr'>J&#39;am</span> <span class='ocrx_word' id='word_1_66' title='bbox 657 752 872 789; x_wconf 84' lang='lat' dir='ltr'>Mitscherl.</span> <span class='ocrx_word' id='word_1_67' title='bbox 901 755 941 789; x_wconf 87' lang='lat' dir='ltr'>et</span> <span class='ocrx_word' id='word_1_68' title='bbox 966 752 1162 791; x_wconf 87' lang='lat' dir='ltr'>Vanderb.</span> <span class='ocrx_word' id='word_1_69' title='bbox 1191 765 1351 802; x_wconf 87' lang='lat' dir='ltr'>pravam</span> <span class='ocrx_word' id='word_1_70' title='bbox 1377 755 1495 792; x_wconf 86' lang='lat' dir='ltr'>istam</span> 
     </span>
     <span class='ocr_line' id='line_1_10' title="bbox 149 812 1494 868; baseline 0.002 -18"><span class='ocrx_word' id='word_1_71' title='bbox 149 814 482 861; x_wconf 84' lang='lat' dir='ltr'>computationem</span> <span class='ocrx_word' id='word_1_72' title='bbox 507 813 749 862; x_wconf 84' lang='lat' dir='ltr'>rejecerunt,</span> <span class='ocrx_word' id='word_1_73' title='bbox 779 814 1006 850; x_wconf 87' lang='lat' dir='ltr'>Grotefend.</span> <span class='ocrx_word' id='word_1_74' title='bbox 1034 825 1071 862; x_wconf 92' lang='lat' dir='ltr'>p.</span> <span class='ocrx_word' id='word_1_75' title='bbox 1101 815 1187 851; x_wconf 87' lang='lat'>471.</span> <span class='ocrx_word' id='word_1_76' title='bbox 1216 812 1307 867; x_wconf 90' lang='lat' dir='ltr'>(ob.</span> <span class='ocrx_word' id='word_1_77' title='bbox 1335 828 1371 853; x_wconf 89' lang='lat' dir='ltr'><strong>v.</strong></span> <span class='ocrx_word' id='word_1_78' title='bbox 1403 813 1494 868; x_wconf 88' lang='grc'>10.)</span> 
     </span>
     <span class='ocr_line' id='line_1_11' title="bbox 148 873 1494 914; baseline 0.003 -4"><span class='ocrx_word' id='word_1_79' title='bbox 148 876 190 911; x_wconf 86' lang='lat' dir='ltr'>et</span> <span class='ocrx_word' id='word_1_80' title='bbox 214 874 374 911; x_wconf 89' lang='lat' dir='ltr'>Kirchn.</span> <span class='ocrx_word' id='word_1_81' title='bbox 411 873 490 911; x_wconf 85' lang='lat' dir='ltr'>tab.</span> <span class='ocrx_word' id='word_1_82' title='bbox 527 873 661 911; x_wconf 88' lang='lat' dir='ltr'>chron.</span> <span class='ocrx_word' id='word_1_83' title='bbox 698 873 773 911; x_wconf 86' lang='lat' dir='ltr'>hoc</span> <span class='ocrx_word' id='word_1_84' title='bbox 808 884 965 912; x_wconf 83' lang='lat' dir='ltr'>carmen</span> <span class='ocrx_word' id='word_1_85' title='bbox 992 885 1026 910; x_wconf 85' lang='lat' dir='ltr'>a.</span> <span class='ocrx_word' id='word_1_86' title='bbox 1055 875 1141 911; x_wconf 79' lang='lat'><strong>730.</strong></span> <span class='ocrx_word' id='word_1_87' title='bbox 1178 879 1380 914; x_wconf 81' lang='lat' dir='ltr'>exaratum</span> <span class='ocrx_word' id='word_1_88' title='bbox 1406 889 1494 914; x_wconf 86' lang='lat' dir='ltr'>esse</span> 
     </span>
     <span class='ocr_line' id='line_1_12' title="bbox 141 934 431 982; baseline 0 -10"><span class='ocrx_word' id='word_1_89' title='bbox 141 934 431 982; x_wconf 85' lang='lat' dir='ltr'>judicaverunt.</span> 
     </span>
    </p>

    <p class='ocr_par' dir='ltr' id='par_1_3' title="bbox 145 996 1495 1726">
     <span class='ocr_line' id='line_1_13' title="bbox 252 996 1495 1048; baseline 0.002 -13"><span class='ocrx_word' id='word_1_90' title='bbox 252 998 396 1035; x_wconf 83' lang='lat' dir='ltr'>Scribit</span> <span class='ocrx_word' id='word_1_91' title='bbox 421 999 540 1046; x_wconf 88' lang='lat' dir='ltr'>poeta</span> <span class='ocrx_word' id='word_1_92' title='bbox 567 1009 610 1035; x_wconf 90' lang='lat' dir='ltr'>se</span> <span class='ocrx_word' id='word_1_93' title='bbox 637 996 798 1048; x_wconf 63' lang='lat' dir='ltr'>„finitis</span> <span class='ocrx_word' id='word_1_94' title='bbox 833 998 1019 1035; x_wconf 78' lang='lat' dir='ltr'>animum</span> <span class='ocrx_word' id='word_1_95' title='bbox 1050 1000 1222 1037; x_wconf 79' lang='lat' dir='ltr'>reddere</span> <span class='ocrx_word' id='word_1_96' title='bbox 1258 1000 1495 1038; x_wconf 59' lang='lat' dir='ltr'>amoribus-²⁷</span> 
     </span>
     <span class='ocr_line' id='line_1_14' title="bbox 149 1059 1492 1110; baseline 0.001 -13"><span class='ocrx_word' id='word_1_97' title='bbox 149 1061 190 1097; x_wconf 90' lang='lat' dir='ltr'>et</span> <span class='ocrx_word' id='word_1_98' title='bbox 217 1059 437 1110; x_wconf 74' lang='lat' dir='ltr'>Glyceram</span> <span class='ocrx_word' id='word_1_99' title='bbox 473 1061 667 1108; x_wconf 74' lang='lat' dir='ltr'>deperire.</span> <span class='ocrx_word' id='word_1_100' title='bbox 728 1059 840 1097; x_wconf 85' lang='lat' dir='ltr'>Nunc</span> <span class='ocrx_word' id='word_1_101' title='bbox 877 1059 994 1096; x_wconf 84' lang='lat' dir='ltr'>desiit</span> <span class='ocrx_word' id='word_1_102' title='bbox 1029 1071 1160 1098; x_wconf 88' lang='lat' dir='ltr'>amare</span> <span class='ocrx_word' id='word_1_103' title='bbox 1195 1060 1299 1098; x_wconf 86' lang='lat' dir='ltr'>circa</span> <span class='ocrx_word' id='word_1_104' title='bbox 1333 1072 1369 1098; x_wconf 90' lang='lat' dir='ltr'>a.</span> <span class='ocrx_word' id='word_1_105' title='bbox 1406 1062 1492 1099; x_wconf 88' lang='lat'><strong>729.</strong></span> 
     </span>
     <span class='ocr_line' id='line_1_15' title="bbox 147 1117 1494 1174; baseline 0.001 -16"><span class='ocrx_word' id='word_1_106' title='bbox 147 1117 235 1174; x_wconf 92' lang='lat' dir='ltr'>(od.</span> <span class='ocrx_word' id='word_1_107' title='bbox 263 1122 309 1171; x_wconf 89' lang='lat'>2,</span> <span class='ocrx_word' id='word_1_108' title='bbox 338 1122 383 1172; x_wconf 91' lang='lat'>4,</span> <span class='ocrx_word' id='word_1_109' title='bbox 411 1119 496 1173; x_wconf 87' lang='lat'>21.)</span> <span class='ocrx_word' id='word_1_110' title='bbox 526 1124 566 1157; x_wconf 87' lang='lat' dir='ltr'>et</span> <span class='ocrx_word' id='word_1_111' title='bbox 594 1121 796 1172; x_wconf 76' lang='lat' dir='ltr'>Glycerae</span> <span class='ocrx_word' id='word_1_112' title='bbox 817 1132 948 1159; x_wconf 87' lang='lat' dir='ltr'>amore</span> <span class='ocrx_word' id='word_1_113' title='bbox 976 1121 1260 1171; x_wconf 86' lang='lat' dir='ltr'>aliquantisper</span> <span class='ocrx_word' id='word_1_114' title='bbox 1278 1122 1362 1168; x_wconf 87' lang='lat' dir='ltr'>jam</span> <span class='ocrx_word' id='word_1_115' title='bbox 1388 1134 1494 1160; x_wconf 85' lang='lat' dir='ltr'>arse-</span> 
     </span>
     <span class='ocr_line' id='line_1_16' title="bbox 147 1178 1495 1233; baseline 0.001 -14"><span class='ocrx_word' id='word_1_116' title='bbox 147 1185 231 1233; x_wconf 86' lang='lat' dir='ltr'>rat,</span> <span class='ocrx_word' id='word_1_117' title='bbox 271 1193 360 1220; x_wconf 89' lang='lat' dir='ltr'>cum</span> <span class='ocrx_word' id='word_1_118' title='bbox 399 1183 591 1220; x_wconf 86' lang='lat' dir='ltr'>scriberet</span> <span class='ocrx_word' id='word_1_119' title='bbox 630 1183 692 1220; x_wconf 87' lang='lat' dir='ltr'>od.</span> <span class='ocrx_word' id='word_1_120' title='bbox 729 1183 775 1232; x_wconf 83' lang='lat'>3,</span> <span class='ocrx_word' id='word_1_121' title='bbox 813 1183 897 1233; x_wconf 89' lang='lat'>19.,</span> <span class='ocrx_word' id='word_1_122' title='bbox 942 1194 1040 1232; x_wconf 87' lang='lat' dir='ltr'>quae</span> <span class='ocrx_word' id='word_1_123' title='bbox 1080 1194 1225 1221; x_wconf 84' lang='lat' dir='ltr'>annum</span> <span class='ocrx_word' id='word_1_124' title='bbox 1263 1178 1352 1221; x_wconf 68' lang='lat'>7322</span> <span class='ocrx_word' id='word_1_125' title='bbox 1390 1185 1495 1222; x_wconf 89' lang='lat' dir='ltr'>bona</span> 
     </span>
     <span class='ocr_line' id='line_1_17' title="bbox 147 1244 1494 1298; baseline 0.002 -17"><span class='ocrx_word' id='word_1_126' title='bbox 147 1245 336 1293; x_wconf 83' lang='lat' dir='ltr'>temporis</span> <span class='ocrx_word' id='word_1_127' title='bbox 371 1245 664 1292; x_wconf 84' lang='lat' dir='ltr'>intercapedine</span> <span class='ocrx_word' id='word_1_128' title='bbox 700 1244 923 1282; x_wconf 84' lang='lat' dir='ltr'>antecessit.</span> <span class='ocrx_word' id='word_1_129' title='bbox 982 1245 1087 1291; x_wconf 82' lang='lat' dir='ltr'>Ergo</span> <span class='ocrx_word' id='word_1_130' title='bbox 1131 1255 1374 1293; x_wconf 84' lang='lat' dir='ltr'>consequens</span> <span class='ocrx_word' id='word_1_131' title='bbox 1418 1250 1494 1298; x_wconf 85' lang='lat' dir='ltr'>est,</span> 
     </span>
     <span class='ocr_line' id='line_1_18' title="bbox 146 1306 1493 1357; baseline 0.002 -15"><span class='ocrx_word' id='word_1_132' title='bbox 146 1308 191 1342; x_wconf 91' lang='lat' dir='ltr'>ut</span> <span class='ocrx_word' id='word_1_133' title='bbox 223 1308 401 1343; x_wconf 88' lang='lat' dir='ltr'>nostrum</span> <span class='ocrx_word' id='word_1_134' title='bbox 435 1317 612 1357; x_wconf 85' lang='lat' dir='ltr'>carmen,</span> <span class='ocrx_word' id='word_1_135' title='bbox 656 1307 761 1355; x_wconf 89' lang='lat' dir='ltr'>quod</span> <span class='ocrx_word' id='word_1_136' title='bbox 794 1306 980 1343; x_wconf 87' lang='lat' dir='ltr'>Horatius</span> <span class='ocrx_word' id='word_1_137' title='bbox 1014 1316 1152 1343; x_wconf 89' lang='lat' dir='ltr'>recens</span> <span class='ocrx_word' id='word_1_138' title='bbox 1188 1318 1320 1344; x_wconf 87' lang='lat' dir='ltr'>amore</span> <span class='ocrx_word' id='word_1_139' title='bbox 1355 1311 1493 1356; x_wconf 88' lang='lat' dir='ltr'>captus</span> 
     </span>
     <span class='ocr_line' id='line_1_19' title="bbox 147 1368 1493 1419; baseline 0.001 -14"><span class='ocrx_word' id='word_1_140' title='bbox 147 1368 263 1419; x_wconf 85' lang='lat' dir='ltr'>lusit,</span> <span class='ocrx_word' id='word_1_141' title='bbox 290 1368 355 1405; x_wconf 89' lang='lat' dir='ltr'>vel</span> <span class='ocrx_word' id='word_1_142' title='bbox 381 1368 423 1405; x_wconf 90' lang='lat' dir='ltr'>in</span> <span class='ocrx_word' id='word_1_143' title='bbox 449 1379 483 1404; x_wconf 89' lang='lat' dir='ltr'>a.</span> <span class='ocrx_word' id='word_1_144' title='bbox 512 1368 598 1404; x_wconf 89' lang='lat'><strong>729.</strong></span> <span class='ocrx_word' id='word_1_145' title='bbox 626 1369 690 1405; x_wconf 87' lang='lat' dir='ltr'>vel</span> <span class='ocrx_word' id='word_1_146' title='bbox 716 1368 758 1405; x_wconf 94' lang='lat' dir='ltr'>in</span> <span class='ocrx_word' id='word_1_147' title='bbox 785 1370 1014 1416; x_wconf 83' lang='lat' dir='ltr'>sequentem</span> <span class='ocrx_word' id='word_1_148' title='bbox 1048 1368 1209 1406; x_wconf 87' lang='lat' dir='ltr'>incidat.</span> <span class='ocrx_word' id='word_1_149' title='bbox 1261 1370 1364 1406; x_wconf 86' lang='lat' dir='ltr'>Huic</span> <span class='ocrx_word' id='word_1_150' title='bbox 1398 1382 1493 1407; x_wconf 90' lang='lat' dir='ltr'>vero</span> 
     </span>
     <span class='ocr_line' id='line_1_20' title="bbox 147 1429 1493 1481; baseline 0.002 -15"><span class='ocrx_word' id='word_1_151' title='bbox 147 1429 316 1478; x_wconf 82' lang='lat' dir='ltr'>tempori</span> <span class='ocrx_word' id='word_1_152' title='bbox 343 1430 518 1478; x_wconf 89' lang='lat' dir='ltr'>apprime</span> <span class='ocrx_word' id='word_1_153' title='bbox 538 1430 723 1467; x_wconf 84' lang='lat' dir='ltr'>convenit</span> <span class='ocrx_word' id='word_1_154' title='bbox 740 1431 842 1467; x_wconf 83' lang='lat' dir='ltr'>facta</span> <span class='ocrx_word' id='word_1_155' title='bbox 860 1430 1091 1467; x_wconf 87' lang='lat' dir='ltr'>Parthorum</span> <span class='ocrx_word' id='word_1_156' title='bbox 1108 1431 1269 1481; x_wconf 87' lang='lat' dir='ltr'>mentio,</span> <span class='ocrx_word' id='word_1_157' title='bbox 1299 1431 1493 1479; x_wconf 88' lang='lat' dir='ltr'>siquidem</span> 
     </span>
     <span class='ocr_line' id='line_1_21' title="bbox 146 1491 1493 1539; baseline 0.002 -11"><span class='ocrx_word' id='word_1_158' title='bbox 146 1492 348 1539; x_wconf 83' lang='lat' dir='ltr'>Augustus</span> <span class='ocrx_word' id='word_1_159' title='bbox 376 1503 410 1528; x_wconf 88' lang='lat' dir='ltr'>a.</span> <span class='ocrx_word' id='word_1_160' title='bbox 440 1491 526 1527; x_wconf 85' lang='lat'><strong>729.</strong></span> <span class='ocrx_word' id='word_1_161' title='bbox 555 1491 653 1528; x_wconf 88' lang='lat' dir='ltr'>duce</span> <span class='ocrx_word' id='word_1_162' title='bbox 688 1491 803 1528; x_wconf 84' lang='lat' dir='ltr'>Aelio</span> <span class='ocrx_word' id='word_1_163' title='bbox 840 1491 952 1528; x_wconf 82' lang='lat' dir='ltr'>Gallo</span> <span class='ocrx_word' id='word_1_164' title='bbox 988 1492 1203 1529; x_wconf 76' lang='lat' dir='ltr'>exercitum</span> <span class='ocrx_word' id='word_1_165' title='bbox 1238 1493 1280 1529; x_wconf 88' lang='lat' dir='ltr'>in</span> <span class='ocrx_word' id='word_1_166' title='bbox 1305 1494 1493 1532; x_wconf 87' lang='lat' dir='ltr'>Arabiam</span> 
     </span>
     <span class='ocr_line' id='line_1_22' title="bbox 146 1552 1494 1602; baseline 0.001 -10"><span class='ocrx_word' id='word_1_167' title='bbox 146 1554 318 1592; x_wconf 89' lang='lat' dir='ltr'>Felicem</span> <span class='ocrx_word' id='word_1_168' title='bbox 352 1553 542 1589; x_wconf 83' lang='lat' dir='ltr'>missurus</span> <span class='ocrx_word' id='word_1_169' title='bbox 579 1555 684 1602; x_wconf 84' lang='lat' dir='ltr'>erat,</span> <span class='ocrx_word' id='word_1_170' title='bbox 721 1552 770 1588; x_wconf 86' lang='lat' dir='ltr'>de</span> <span class='ocrx_word' id='word_1_171' title='bbox 804 1563 883 1600; x_wconf 87' lang='lat' dir='ltr'>qna</span> <span class='ocrx_word' id='word_1_172' title='bbox 917 1553 1168 1601; x_wconf 77' lang='lat' dir='ltr'>expeditione</span> <span class='ocrx_word' id='word_1_173' title='bbox 1200 1554 1386 1592; x_wconf 86' lang='lat' dir='ltr'>Horatius</span> <span class='ocrx_word' id='word_1_174' title='bbox 1412 1557 1494 1593; x_wconf 90' lang='lat' dir='ltr'>tam</span> 
     </span>
     <span class='ocr_line' id='line_1_23' title="bbox 146 1614 1493 1663; baseline 0.003 -12"><span class='ocrx_word' id='word_1_175' title='bbox 146 1615 349 1662; x_wconf 82' lang='lat' dir='ltr'>magnifice</span> <span class='ocrx_word' id='word_1_176' title='bbox 375 1614 483 1663; x_wconf 90' lang='lat' dir='ltr'>loqui</span> <span class='ocrx_word' id='word_1_177' title='bbox 511 1615 631 1663; x_wconf 89' lang='lat' dir='ltr'>solet,</span> <span class='ocrx_word' id='word_1_178' title='bbox 659 1616 703 1650; x_wconf 89' lang='lat' dir='ltr'>ut</span> <span class='ocrx_word' id='word_1_179' title='bbox 720 1614 885 1650; x_wconf 88' lang='lat' dir='ltr'>Parthos</span> <span class='ocrx_word' id='word_1_180' title='bbox 905 1626 1058 1663; x_wconf 90' lang='lat' dir='ltr'>quoque</span> <span class='ocrx_word' id='word_1_181' title='bbox 1087 1618 1127 1652; x_wconf 89' lang='lat' dir='ltr'>et</span> <span class='ocrx_word' id='word_1_182' title='bbox 1142 1615 1261 1652; x_wconf 80' lang='lat' dir='ltr'>Indos</span> <span class='ocrx_word' id='word_1_183' title='bbox 1290 1617 1493 1655; x_wconf 83' lang='lat' dir='ltr'>subactum</span> 
     </span>
     <span class='ocr_line' id='line_1_24' title="bbox 145 1675 1297 1726; baseline 0.001 -12"><span class='ocrx_word' id='word_1_184' title='bbox 145 1677 197 1715; x_wconf 87' lang='lat' dir='ltr'>iri</span> <span class='ocrx_word' id='word_1_185' title='bbox 223 1677 340 1714; x_wconf 87' lang='lat' dir='ltr'>dicat.</span> <span class='ocrx_word' id='word_1_186' title='bbox 369 1678 417 1714; x_wconf 84' lang='lat' dir='ltr'>cf.</span> <span class='ocrx_word' id='word_1_187' title='bbox 445 1675 508 1713; x_wconf 90' lang='lat' dir='ltr'>od.</span> <span class='ocrx_word' id='word_1_188' title='bbox 539 1677 575 1726; x_wconf 95' lang='lat'>1,</span> <span class='ocrx_word' id='word_1_189' title='bbox 604 1675 663 1712; x_wconf 87' lang='grc'>12.</span> <span class='ocrx_word' id='word_1_190' title='bbox 692 1676 740 1712; x_wconf 90' lang='grc'>53</span> <span class='ocrx_word' id='word_1_191' title='bbox 769 1687 825 1723; x_wconf 90' lang='lat' dir='ltr'>sq.</span> <span class='ocrx_word' id='word_1_192' title='bbox 856 1676 899 1725; x_wconf 93' lang='grc'>1,</span> <span class='ocrx_word' id='word_1_193' title='bbox 927 1676 990 1726; x_wconf 90' lang='grc'>29,</span> <span class='ocrx_word' id='word_1_194' title='bbox 1018 1677 1053 1713; x_wconf 88' lang='grc'>4.</span> <span class='ocrx_word' id='word_1_195' title='bbox 1084 1676 1120 1726; x_wconf 93' lang='lat'>1,</span> <span class='ocrx_word' id='word_1_196' title='bbox 1146 1677 1208 1714; x_wconf 84' lang='lat'>35.</span> <span class='ocrx_word' id='word_1_197' title='bbox 1237 1678 1297 1715; x_wconf 89' lang='grc'>31.</span> 
     </span>
    </p>

    <p class='ocr_par' dir='ltr' id='par_1_4' title="bbox 146 1738 1494 2532">
     <span class='ocr_line' id='line_1_25' title="bbox 247 1738 1493 1788; baseline 0.002 -12"><span class='ocrx_word' id='word_1_198' title='bbox 247 1738 470 1776; x_wconf 87' lang='lat' dir='ltr'>Admodum</span> <span class='ocrx_word' id='word_1_199' title='bbox 493 1738 642 1775; x_wconf 85' lang='lat' dir='ltr'>incerta</span> <span class='ocrx_word' id='word_1_200' title='bbox 668 1740 730 1774; x_wconf 87' lang='lat' dir='ltr'>est</span> <span class='ocrx_word' id='word_1_201' title='bbox 753 1739 997 1788; x_wconf 76' lang='lat' dir='ltr'>Scytharum</span> <span class='ocrx_word' id='word_1_202' title='bbox 1024 1740 1351 1777; x_wconf 85' lang='lat' dir='ltr'>commemoratio.</span> <span class='ocrx_word' id='word_1_203' title='bbox 1392 1741 1493 1778; x_wconf 89' lang='lat' dir='ltr'>Nam</span> 
     </span>
     <span class='ocr_line' id='line_1_26' title="bbox 147 1796 1490 1853; baseline 0 -14"><span class='ocrx_word' id='word_1_204' title='bbox 147 1801 393 1851; x_wconf 74' lang='lat' dir='ltr'>Scythamm</span> <span class='ocrx_word' id='word_1_205' title='bbox 419 1796 576 1853; x_wconf 87' lang='lat' dir='ltr'>(Horat.</span> <span class='ocrx_word' id='word_1_206' title='bbox 606 1799 669 1836; x_wconf 89' lang='lat' dir='ltr'>od.</span> <span class='ocrx_word' id='word_1_207' title='bbox 700 1800 744 1849; x_wconf 91' lang='lat' dir='ltr'>l,</span> <span class='ocrx_word' id='word_1_208' title='bbox 771 1800 831 1836; x_wconf 87' lang='lat'>35.</span> <span class='ocrx_word' id='word_1_209' title='bbox 860 1801 896 1837; x_wconf 85' lang='lat'><strong>9.</strong></span> <span class='ocrx_word' id='word_1_210' title='bbox 925 1799 962 1849; x_wconf 85' lang='lat'>2,</span> <span class='ocrx_word' id='word_1_211' title='bbox 992 1800 1051 1836; x_wconf 93' lang='grc'>11.</span> <span class='ocrx_word' id='word_1_212' title='bbox 1082 1800 1115 1836; x_wconf 90' lang='lat'>1.</span> <span class='ocrx_word' id='word_1_213' title='bbox 1144 1801 1182 1850; x_wconf 87' lang='lat'>3,</span> <span class='ocrx_word' id='word_1_214' title='bbox 1209 1801 1245 1837; x_wconf 89' lang='lat'><strong>8.</strong></span> <span class='ocrx_word' id='word_1_215' title='bbox 1274 1801 1335 1838; x_wconf 84' lang='lat'><strong>23.</strong></span> <span class='ocrx_word' id='word_1_216' title='bbox 1363 1802 1401 1852; x_wconf 84' lang='lat'>3,</span> <span class='ocrx_word' id='word_1_217' title='bbox 1428 1802 1490 1840; x_wconf 83' lang='lat'>24.</span> 
     </span>
     <span class='ocr_line' id='line_1_27' title="bbox 146 1857 1494 1913; baseline 0.002 -14"><span class='ocrx_word' id='word_1_218' title='bbox 146 1863 183 1900; x_wconf 84' lang='lat'><strong>9.</strong></span> <span class='ocrx_word' id='word_1_219' title='bbox 220 1863 266 1912; x_wconf 85' lang='lat'>4,</span> <span class='ocrx_word' id='word_1_220' title='bbox 304 1862 341 1899; x_wconf 91' lang='grc'>5.</span> <span class='ocrx_word' id='word_1_221' title='bbox 378 1862 439 1899; x_wconf 87' lang='grc'>25.</span> <span class='ocrx_word' id='word_1_222' title='bbox 476 1862 522 1911; x_wconf 88' lang='grc'>4,</span> <span class='ocrx_word' id='word_1_223' title='bbox 560 1862 620 1898; x_wconf 81' lang='lat'>14.</span> <span class='ocrx_word' id='word_1_224' title='bbox 655 1861 717 1897; x_wconf 88' lang='lat'>42.</span> <span class='ocrx_word' id='word_1_225' title='bbox 753 1872 786 1898; x_wconf 91' lang='lat' dir='ltr'>c.</span> <span class='ocrx_word' id='word_1_226' title='bbox 824 1872 925 1898; x_wconf 90' lang='lat' dir='ltr'>saec.</span> <span class='ocrx_word' id='word_1_227' title='bbox 953 1857 1046 1913; x_wconf 87' lang='lat'><strong>55.)</strong></span> <span class='ocrx_word' id='word_1_228' title='bbox 1082 1862 1166 1898; x_wconf 87' lang='lat' dir='ltr'>sive</span> <span class='ocrx_word' id='word_1_229' title='bbox 1198 1863 1494 1902; x_wconf 81' lang='lat' dir='ltr'>Sarmatarum</span> 
     </span>
     <span class='ocr_line' id='line_1_28' title="bbox 148 1919 1492 1975; baseline 0.001 -14"><span class='ocrx_word' id='word_1_230' title='bbox 148 1920 297 1975; x_wconf 87' lang='lat' dir='ltr'>(Strab.</span> <span class='ocrx_word' id='word_1_231' title='bbox 328 1924 398 1974; x_wconf 93' lang='grc'>11,</span> <span class='ocrx_word' id='word_1_232' title='bbox 429 1935 466 1972; x_wconf 89' lang='lat' dir='ltr'>p.</span> <span class='ocrx_word' id='word_1_233' title='bbox 496 1923 581 1959; x_wconf 85' lang='lat'><strong>492.</strong></span> <span class='ocrx_word' id='word_1_234' title='bbox 611 1924 651 1958; x_wconf 89' lang='lat' dir='ltr'>et</span> <span class='ocrx_word' id='word_1_235' title='bbox 675 1919 796 1974; x_wconf 90' lang='lat'><strong>507.)</strong></span> <span class='ocrx_word' id='word_1_236' title='bbox 830 1933 973 1959; x_wconf 89' lang='lat' dir='ltr'>nomen</span> <span class='ocrx_word' id='word_1_237' title='bbox 1008 1923 1219 1970; x_wconf 88' lang='lat' dir='ltr'>scriptores</span> <span class='ocrx_word' id='word_1_238' title='bbox 1252 1935 1333 1961; x_wconf 91' lang='lat' dir='ltr'>non</span> <span class='ocrx_word' id='word_1_239' title='bbox 1367 1925 1492 1964; x_wconf 90' lang='lat' dir='ltr'>solum</span> 
     </span>
     <span class='ocr_line' id='line_1_29' title="bbox 149 1984 1492 2036; baseline 0.001 -12"><span class='ocrx_word' id='word_1_240' title='bbox 149 1987 337 2024; x_wconf 78' lang='lat' dir='ltr'>Tanaitis</span> <span class='ocrx_word' id='word_1_241' title='bbox 371 1988 411 2023; x_wconf 82' lang='lat' dir='ltr'>et</span> <span class='ocrx_word' id='word_1_242' title='bbox 438 1996 538 2034; x_wconf 87' lang='lat' dir='ltr'>quae</span> <span class='ocrx_word' id='word_1_243' title='bbox 565 1986 673 2021; x_wconf 85' lang='lat' dir='ltr'>trans</span> <span class='ocrx_word' id='word_1_244' title='bbox 701 1985 864 2022; x_wconf 89' lang='lat' dir='ltr'>Tanaim</span> <span class='ocrx_word' id='word_1_245' title='bbox 897 1984 1121 2022; x_wconf 87' lang='lat' dir='ltr'>incolebant</span> <span class='ocrx_word' id='word_1_246' title='bbox 1155 1986 1336 2032; x_wconf 86' lang='lat' dir='ltr'>gentibus</span> <span class='ocrx_word' id='word_1_247' title='bbox 1367 1988 1492 2036; x_wconf 90' lang='lat' dir='ltr'>impo-</span> 
     </span>
     <span class='ocr_line' id='line_1_30' title="bbox 147 2047 1491 2099; baseline 0.001 -14"><span class='ocrx_word' id='word_1_248' title='bbox 147 2050 267 2099; x_wconf 85' lang='lat' dir='ltr'>nunt,</span> <span class='ocrx_word' id='word_1_249' title='bbox 296 2047 367 2085; x_wconf 84' lang='lat' dir='ltr'>sed</span> <span class='ocrx_word' id='word_1_250' title='bbox 393 2048 512 2085; x_wconf 83' lang='lat' dir='ltr'>etiam</span> <span class='ocrx_word' id='word_1_251' title='bbox 527 2048 623 2085; x_wconf 80' lang='lat' dir='ltr'>Islrz‘</span> <span class='ocrx_word' id='word_1_252' title='bbox 651 2048 800 2085; x_wconf 75' lang='grc' dir='ltr'><em>ασοοῖὶε</em></span> <span class='ocrx_word' id='word_1_253' title='bbox 827 2048 866 2083; x_wconf 85' lang='lat' dir='ltr'>et</span> <span class='ocrx_word' id='word_1_254' title='bbox 888 2048 1050 2095; x_wconf 79' lang='lat' dir='ltr'>populis</span> <span class='ocrx_word' id='word_1_255' title='bbox 1075 2048 1187 2084; x_wconf 77' lang='lat' dir='ltr'>ultra</span> <span class='ocrx_word' id='word_1_256' title='bbox 1210 2049 1363 2086; x_wconf 77' lang='lat' dir='ltr'>Istrum</span> <span class='ocrx_word' id='word_1_257' title='bbox 1380 2049 1491 2086; x_wconf 88' lang='lat' dir='ltr'>habi-</span> 
     </span>
     <span class='ocr_line' id='line_1_31' title="bbox 147 2105 1490 2163; baseline 0.001 -17"><span class='ocrx_word' id='word_1_258' title='bbox 147 2110 344 2160; x_wconf 82' lang='lat' dir='ltr'>tantibus,</span> <span class='ocrx_word' id='word_1_259' title='bbox 375 2110 541 2148; x_wconf 80' lang='lat' dir='ltr'>Gelonis</span> <span class='ocrx_word' id='word_1_260' title='bbox 567 2105 724 2162; x_wconf 86' lang='lat' dir='ltr'>(Horat.</span> <span class='ocrx_word' id='word_1_261' title='bbox 743 2108 805 2146; x_wconf 89' lang='lat' dir='ltr'>od.</span> <span class='ocrx_word' id='word_1_262' title='bbox 825 2108 864 2158; x_wconf 88' lang='lat'>2,</span> <span class='ocrx_word' id='word_1_263' title='bbox 890 2109 926 2146; x_wconf 89' lang='lat'><strong>9.</strong></span> <span class='ocrx_word' id='word_1_264' title='bbox 944 2109 1005 2146; x_wconf 87' lang='lat'>23.</span> <span class='ocrx_word' id='word_1_265' title='bbox 1034 2108 1072 2158; x_wconf 95' lang='grc'>2,</span> <span class='ocrx_word' id='word_1_266' title='bbox 1099 2108 1160 2146; x_wconf 89' lang='grc'>20.</span> <span class='ocrx_word' id='word_1_267' title='bbox 1182 2109 1240 2146; x_wconf 89' lang='grc'>19.</span> <span class='ocrx_word' id='word_1_268' title='bbox 1268 2111 1306 2159; x_wconf 89' lang='grc'>3,</span> <span class='ocrx_word' id='word_1_269' title='bbox 1334 2110 1370 2147; x_wconf 91' lang='grc'>4.</span> <span class='ocrx_word' id='word_1_270' title='bbox 1388 2106 1490 2163; x_wconf 90' lang='grc'><strong>35.),</strong></span> 
     </span>
     <span class='ocr_line' id='line_1_32' title="bbox 150 2166 1492 2224; baseline 0 -14"><span class='ocrx_word' id='word_1_271' title='bbox 150 2171 262 2210; x_wconf 77' lang='lat' dir='ltr'>Getis</span> <span class='ocrx_word' id='word_1_272' title='bbox 287 2167 382 2224; x_wconf 90' lang='lat' dir='ltr'>(od.</span> <span class='ocrx_word' id='word_1_273' title='bbox 410 2172 455 2221; x_wconf 88' lang='lat'>3,</span> <span class='ocrx_word' id='word_1_274' title='bbox 484 2172 544 2208; x_wconf 81' lang='lat'>24.</span> <span class='ocrx_word' id='word_1_275' title='bbox 575 2171 634 2208; x_wconf 90' lang='grc'>11.</span> <span class='ocrx_word' id='word_1_276' title='bbox 664 2171 708 2220; x_wconf 92' lang='grc'>4,</span> <span class='ocrx_word' id='word_1_277' title='bbox 739 2171 798 2207; x_wconf 90' lang='grc'>15.</span> <span class='ocrx_word' id='word_1_278' title='bbox 826 2166 944 2224; x_wconf 91' lang='grc'>22.),</span> <span class='ocrx_word' id='word_1_279' title='bbox 973 2171 1067 2219; x_wconf 91' lang='lat' dir='ltr'>quin</span> <span class='ocrx_word' id='word_1_280' title='bbox 1094 2172 1212 2208; x_wconf 84' lang='lat' dir='ltr'>etiam</span> <span class='ocrx_word' id='word_1_281' title='bbox 1238 2171 1336 2219; x_wconf 90' lang='lat' dir='ltr'>ipsis</span> <span class='ocrx_word' id='word_1_282' title='bbox 1362 2173 1492 2210; x_wconf 82' lang='lat' dir='ltr'>Dacis</span> 
     </span>
     <span class='ocr_line' id='line_1_33' title="bbox 147 2230 1490 2287; baseline 0.001 -16"><span class='ocrx_word' id='word_1_283' title='bbox 147 2230 250 2287; x_wconf 87' lang='lat' dir='ltr'>(Sat.</span> <span class='ocrx_word' id='word_1_284' title='bbox 278 2233 316 2284; x_wconf 92' lang='lat'>2,</span> <span class='ocrx_word' id='word_1_285' title='bbox 344 2233 380 2269; x_wconf 88' lang='lat'><strong>6.</strong></span> <span class='ocrx_word' id='word_1_286' title='bbox 408 2234 468 2271; x_wconf 89' lang='grc'>53.</span> <span class='ocrx_word' id='word_1_287' title='bbox 498 2233 560 2270; x_wconf 87' lang='lat' dir='ltr'>od.</span> <span class='ocrx_word' id='word_1_288' title='bbox 586 2233 621 2282; x_wconf 93' lang='grc'>1,</span> <span class='ocrx_word' id='word_1_289' title='bbox 649 2232 710 2269; x_wconf 87' lang='grc'>35.</span> <span class='ocrx_word' id='word_1_290' title='bbox 730 2233 766 2268; x_wconf 89' lang='grc'>9.</span> <span class='ocrx_word' id='word_1_291' title='bbox 794 2232 832 2282; x_wconf 95' lang='grc'>2,</span> <span class='ocrx_word' id='word_1_292' title='bbox 850 2233 911 2269; x_wconf 92' lang='grc'>20.</span> <span class='ocrx_word' id='word_1_293' title='bbox 933 2233 992 2270; x_wconf 82' lang='grc'>18.</span> <span class='ocrx_word' id='word_1_294' title='bbox 1012 2233 1049 2282; x_wconf 88' lang='grc'>3,</span> <span class='ocrx_word' id='word_1_295' title='bbox 1068 2232 1104 2268; x_wconf 90' lang='grc'>6.</span> <span class='ocrx_word' id='word_1_296' title='bbox 1126 2232 1184 2268; x_wconf 89' lang='grc'>14.</span> <span class='ocrx_word' id='word_1_297' title='bbox 1204 2233 1241 2282; x_wconf 90' lang='grc'>3,</span> <span class='ocrx_word' id='word_1_298' title='bbox 1269 2233 1304 2270; x_wconf 86' lang='grc'>8.</span> <span class='ocrx_word' id='word_1_299' title='bbox 1324 2230 1420 2287; x_wconf 84' lang='grc'><strong>18.).</strong></span> <span class='ocrx_word' id='word_1_300' title='bbox 1439 2256 1490 2262; x_wconf 93' lang='grc'>-</span> 
     </span>
     <span class='ocr_line' id='line_1_34' title="bbox 146 2293 1489 2345; baseline -0.001 -12"><span class='ocrx_word' id='word_1_301' title='bbox 146 2295 246 2333; x_wconf 89' lang='lat' dir='ltr'>Plin.</span> <span class='ocrx_word' id='word_1_302' title='bbox 274 2295 312 2332; x_wconf 90' lang='lat' dir='ltr'>h.</span> <span class='ocrx_word' id='word_1_303' title='bbox 339 2306 379 2332; x_wconf 91' lang='lat' dir='ltr'>n.</span> <span class='ocrx_word' id='word_1_304' title='bbox 409 2295 454 2345; x_wconf 91' lang='grc'>4,</span> <span class='ocrx_word' id='word_1_305' title='bbox 484 2295 543 2332; x_wconf 92' lang='grc'>12.</span> <span class='ocrx_word' id='word_1_306' title='bbox 570 2294 663 2331; x_wconf 89' lang='lat' dir='ltr'>Istri</span> <span class='ocrx_word' id='word_1_307' title='bbox 690 2296 826 2340; x_wconf 86' lang='lat' dir='ltr'>gentes</span> <span class='ocrx_word' id='word_1_308' title='bbox 855 2294 1100 2331; x_wconf 89' lang='lat' dir='ltr'>describens:</span> <span class='ocrx_word' id='word_1_309' title='bbox 1133 2293 1226 2344; x_wconf 73' lang='lat' dir='ltr'>„Ab</span> <span class='ocrx_word' id='word_1_310' title='bbox 1253 2306 1321 2345; x_wconf 86' lang='lat' dir='ltr'>eo,</span> <span class='ocrx_word' id='word_1_311' title='bbox 1347 2296 1489 2345; x_wconf 81' lang='lat' dir='ltr'>inquit,</span> 
     </span>
     <span class='ocr_line' id='line_1_35' title="bbox 150 2351 1488 2410; baseline 0.001 -16"><span class='ocrx_word' id='word_1_312' title='bbox 150 2353 225 2410; x_wconf 83' lang='lat' dir='ltr'>(se.</span> <span class='ocrx_word' id='word_1_313' title='bbox 254 2359 392 2406; x_wconf 87' lang='lat' dir='ltr'>quarto</span> <span class='ocrx_word' id='word_1_314' title='bbox 418 2356 593 2394; x_wconf 88' lang='lat' dir='ltr'>Danubii</span> <span class='ocrx_word' id='word_1_315' title='bbox 619 2351 744 2408; x_wconf 87' lang='lat' dir='ltr'>ostio)</span> <span class='ocrx_word' id='word_1_316' title='bbox 770 2358 815 2393; x_wconf 79' lang='lat' dir='ltr'>in</span> <span class='ocrx_word' id='word_1_317' title='bbox 837 2358 1006 2404; x_wconf 81' lang='lat' dir='ltr'>plenum</span> <span class='ocrx_word' id='word_1_318' title='bbox 1031 2355 1360 2404; x_wconf 64' lang='lat' dir='ltr'>quidem‘omnes</span> <span class='ocrx_word' id='word_1_319' title='bbox 1383 2359 1488 2407; x_wconf 84' lang='lat' dir='ltr'>Scy-</span> 
     </span>
     <span class='ocr_line' id='line_1_36' title="bbox 149 2419 1487 2469; baseline 0 -13"><span class='ocrx_word' id='word_1_320' title='bbox 149 2420 314 2457; x_wconf 77' lang='lat' dir='ltr'>tharum</span> <span class='ocrx_word' id='word_1_321' title='bbox 337 2423 435 2457; x_wconf 79' lang='lat' dir='ltr'>sanc</span> <span class='ocrx_word' id='word_1_322' title='bbox 457 2421 614 2467; x_wconf 70' lang='lat' dir='ltr'>yantas,</span> <span class='ocrx_word' id='word_1_323' title='bbox 640 2419 785 2455; x_wconf 78' lang='lat' dir='ltr'>variae</span> <span class='ocrx_word' id='word_1_324' title='bbox 809 2422 949 2456; x_wconf 81' lang='lat' dir='ltr'>tamen</span> <span class='ocrx_word' id='word_1_325' title='bbox 975 2419 1082 2455; x_wconf 78' lang='lat' dir='ltr'>litori</span> <span class='ocrx_word' id='word_1_326' title='bbox 1099 2421 1286 2466; x_wconf 74' lang='lat' dir='ltr'>apposita</span> <span class='ocrx_word' id='word_1_327' title='bbox 1309 2424 1487 2469; x_wconf 76' lang='lat' dir='ltr'>tenuere,</span> 
     </span>
     <span class='ocr_line' id='line_1_37' title="bbox 152 2476 1486 2532; baseline 0.001 -16"><span class='ocrx_word' id='word_1_328' title='bbox 152 2481 256 2518; x_wconf 77' lang='lat' dir='ltr'>alias</span> <span class='ocrx_word' id='word_1_329' title='bbox 271 2480 412 2532; x_wconf 75' lang='lat' dir='ltr'>Getae,</span> <span class='ocrx_word' id='word_1_330' title='bbox 440 2481 548 2518; x_wconf 76' lang='lat' dir='ltr'>Daci</span> <span class='ocrx_word' id='word_1_331' title='bbox 570 2480 770 2518; x_wconf 78' lang='lat' dir='ltr'>Romanis</span> <span class='ocrx_word' id='word_1_332' title='bbox 788 2481 883 2518; x_wconf 77' lang='lat' dir='ltr'>dicti</span> <span class='ocrx_word' id='word_1_333' title='bbox 896 2476 949 2531; x_wconf 83' lang='lat'>⁵),</span> <span class='ocrx_word' id='word_1_334' title='bbox 970 2481 1077 2518; x_wconf 80' lang='lat' dir='ltr'>alias</span> <span class='ocrx_word' id='word_1_335' title='bbox 1088 2481 1320 2531; x_wconf 70' lang='lat' dir='ltr'>Sarmatae,</span> <span class='ocrx_word' id='word_1_336' title='bbox 1347 2479 1486 2529; x_wconf 83' lang='lat' dir='ltr'>Grae-</span> 
     </span>
    </p>
   </div>
   <div class='ocr_carea' id='block_1_3' title="bbox 152 2564 418 2572">
    <p class='ocr_par' dir='ltr' id='par_1_5' title="bbox 152 2564 418 2572">
     <span class='ocr_line' id='line_1_38' title="bbox 152 2564 418 2572; baseline 0 387"><span class='ocrx_word' id='word_1_337' title='bbox 152 2564 418 2572; x_wconf 95' lang='lat' dir='ltr'> </span> 
     </span>
    </p>
   </div>
   <div class='ocr_carea' id='block_1_4' title="bbox 242 2609 1485 2652">
    <p class='ocr_par' dir='ltr' id='par_1_6' title="bbox 242 2609 1485 2652">
     <span class='ocr_line' id='line_1_39' title="bbox 242 2609 1485 2652; baseline 0.002 -12"><span class='ocrx_word' id='word_1_338' title='bbox 242 2609 281 2651; x_wconf 83' lang='lat'>5)</span> <span class='ocrx_word' id='word_1_339' title='bbox 302 2610 386 2644; x_wconf 84' lang='lat' dir='ltr'>Hinc</span> <span class='ocrx_word' id='word_1_340' title='bbox 409 2611 542 2644; x_wconf 82' lang='lat' dir='ltr'>sueton.</span> <span class='ocrx_word' id='word_1_341' title='bbox 566 2609 648 2652; x_wconf 83' lang='lat' dir='ltr'><strong>Aug.</strong></span> <span class='ocrx_word' id='word_1_342' title='bbox 671 2609 725 2644; x_wconf 79' lang='lat'><strong>63.</strong></span> <span class='ocrx_word' id='word_1_343' title='bbox 749 2610 936 2644; x_wconf 84' lang='lat' dir='ltr'>Cotisonem</span> <span class='ocrx_word' id='word_1_344' title='bbox 959 2610 1134 2645; x_wconf 80' lang='lat' dir='ltr'>Getarum</span> <span class='ocrx_word' id='word_1_345' title='bbox 1158 2618 1267 2651; x_wconf 85' lang='lat' dir='ltr'>regem</span> <span class='ocrx_word' id='word_1_346' title='bbox 1288 2612 1394 2643; x_wconf 83' lang='lat' dir='ltr'>vocat.</span> <span class='ocrx_word' id='word_1_347' title='bbox 1440 2609 1485 2643; x_wconf 85' lang='lat' dir='ltr'>Et</span> 
     </span>
    </p>
   </div>
  </div>
 </body>
</html>
