1643 2959
604 238 783 283 --153
824 263 878 269 .-

175 347 323 394 Quodsi
347 348 467 395 igitur
491 347 676 386 Sabinum
708 348 805 386 illud
829 348 981 386 Horatii
1015 347 1176 386 duorum
1207 359 1394 390 annorum

75 411 242 454 aetatem
266 410 414 461 habuit,
441 409 556 447 odam
581 410 618 460 l,
645 410 706 447 20.
732 421 768 447 a.
787 410 872 447 730.
900 409 1082 458 scriptam
1107 420 1195 448 esse
1220 411 1392 449 efficitur.

73 472 156 512 Nec
179 471 309 509 obstat
333 471 543 521 quidquam
568 470 659 509 huic
683 470 838 508 rationi.

171 591 414 634 cAmN
436 592 568 630 xxl.
583 593 797 643 „Dianam
818 593 1020 644 tenerae’ss
1045 592 1147 642 quod
1163 596 1253 642 post
1270 593 1394 632 Schol.

69 653 263 691 Acronem
288 654 492 704 permulti,
526 653 590 690 vel
622 654 793 692 Masson.
829 651 915 705 (vit.
942 654 1036 692 Hor.
1062 660 1101 702 p}
1131 655 1215 692 186.
1244 657 1283 691 et
1308 655 1393 698 318.

71 716 112 752 et
136 715 298 752 histoire
331 716 414 752 crit.
441 715 487 752 V.
514 726 552 762 p.
581 713 686 766 191.)
725 716 767 752 in
802 715 904 753 ludis
943 715 1204 753 saecularibus
1238 726 1273 753 a.
1309 715 1394 753 737.

69 778 225 812 cantum
251 787 337 812 esse
364 777 595 824 statuerunt,
621 776 762 812 merito
785 776 939 813 ridente
959 775 1135 823 Bentlejo
1163 773 1224 827 (in
1239 775 1396 829 praefi),

67 846 172 873 nunc
196 836 428 883 interpretes
454 846 525 883 pro
553 846 623 872 suo
648 836 812 884 quisque
838 836 1000 873 arbitrio
1025 838 1100 874 huc
1116 837 1208 875 illuc
1224 838 1397 875 referunt

67 893 190 947 (Jani,
217 895 425 945 vanderb.‚
451 896 578 945 Leps.‚
607 897 753 932 Grotef.
769 907 807 944 p.
825 896 910 933 472.
928 907 961 933 a.
981 896 1032 933 ad
1058 909 1091 934 a.
1107 898 1208 946 731„
1235 897 1394 937 Kirchn.

67 957 116 994 ad
144 968 178 994 a.
206 957 307 1007 732„
332 957 482 995 Nitsch.
510 957 603 994 olim
628 956 679 993 ad
704 968 738 994 a.
766 957 866 1007 725„
893 957 1082 1006 probante
1108 957 1301 996 Vanderb.
1329 958 1396 995 ad-

67 1017 139 1054 dit.
168 1019 209 1054 et
241 1017 476 1055 corrections
502 1018 578 1054 vol.
605 1017 655 1054 11.
691 1029 728 1066 p.
756 1016 886 1069 621.)‚
924 1018 1020 1056 mihi
1058 1019 1395 1066 persuasissimum

70 1080 132 1115 est
159 1078 405 1116 decantatum
423 1089 508 1114 esse
534 1079 576 1115 in
601 1078 726 1127 prima
751 1079 1010 1116 celebratione
1037 1082 1226 1121 ludorum
1250 1080 1395 1119 Actia-

66 1150 208 1178 corum
232 1142 598 1190 quinquennalium
625 1150 735 1178 cmno
759 1151 798 1178 u.
826 1151 856 1178 c.
886 1141 988 1178 726,
1040 1136 1138 1193 (Dio
1164 1141 1211 1178 53
1214 1169 1232 1192 ,
1261 1141 1294 1179 1.
1329 1142 1396 1180 καὶ

64 1197 134 1248 τὴν
158 1200 378 1252 πανήγυριν
403 1197 471 1248 τὴν
496 1197 560 1238 ἒπῑ
585 1200 632 1251 τῇ
657 1204 760 1252 νίκῃ,
787 1201 835 1250 τῇ
860 1198 960 1253 πρὸς
985 1199 1044 1251 τῷ
1062 1200 1208 1252 Ἀκτίῳ
1231 1204 1395 1251 γενομέ-

63 1274 130 1313 νῃ,
156 1261 437 1313 ψηφισθεῒσαν
462 1259 582 1310 ἤγαγε
606 1259 708 1311 μετὰ
734 1262 804 1300 τοῦ
826 1260 1072 1313 Ἀγρίππου,
1110 1263 1176 1299 καὶ
1213 1259 1253 1300 ἓν
1291 1262 1394 1311 αὐτῇ

64 1320 136 1369 τὴν
162 1318 439 1374 ἱπποδρομίαν
465 1319 533 1360 διά
559 1335 600 1361 τε
625 1322 705 1361 τῶν
738 1319 892 1363 παίδων
925 1324 991 1365 καὶ
1025 1319 1093 1361 διὰ
1125 1322 1205 1361 τῶν
1238 1320 1394 1376 ἀνδρῶν

63 1381 144 1420 τῶν
169 1381 334 1432 εὐγενῶν
359 1379 528 1431 ἐποίησε.
555 1385 621 1424 καῖ
647 1382 744 1431 αὕτη
770 1383 842 1432 μὲν
868 1379 935 1421 διὰ
961 1385 1072 1423 πέντε
1098 1382 1160 1422 ἀεὶ
1183 1380 1301 1432 ἐτῶν,
1327 1386 1394 1434 με’·

61 1456 130 1495 χρι
156 1438 205 1481 οὗ
229 1441 400 1494 ἐγίγνετο
405 1473 420 1491 ,
457 1446 544 1491 ταῖς
575 1446 791 1496 τέσσαρσιν
817 1442 1048 1495 ἱερωσύναις
1081 1441 1122 1482 ἐκ
1154 1448 1395 1497 περιτροπῆς

63 1504 285 1558 μέλουσα.).
336 1507 507 1544 Primum
532 1507 636 1542 enim
661 1516 741 1542 non
772 1507 829 1543 ita
854 1506 973 1542 multo
1007 1508 1097 1553 post
1130 1507 1232 1544 bella
1265 1508 1393 1549 civilia

65 1567 249 1616 scriptum
276 1568 348 1616 est,
377 1567 690 1615 quandoquidem
715 1567 757 1604 in
782 1578 882 1604 vers.
913 1567 1110 1604 13—16.:

263 1627 365 1677 „Hic
390 1627 534 1664 bellum
559 1627 817 1677 lacrimosum,
845 1628 908 1664 hic
933 1628 1114 1664 miseram
1140 1629 1280 1666 famem

259 1689 489 1736 Pestemque
516 1699 539 1725 a
565 1689 722 1738 populo,
751 1689 927 1737 principe
956 1689 1136 1739 Caesare,
1162 1689 1206 1726 in

325 1749 465 1786 Persas
491 1752 607 1797 atque
633 1750 840 1787 Britannos

419 1811 559 1848 Vestra
584 1814 710 1848 motus
739 1813 826 1857 aget
852 1810 1005 1858 prece?7

62 1879 150 1906 eam
174 1870 256 1907 fere
282 1871 400 1908 animi
435 1871 678 1908 affectionem
711 1874 850 1919 poetae
887 1869 1176 1918 deprehendere
1210 1871 1305 1909 mihi
1331 1871 1387 1908 vi-

63 1931 169 1980 deor,
197 1942 273 1978 qua
299 1933 516 1980 composuit
541 1932 603 1968 od.
633 1933 668 1982 1,
696 1933 731 1968 2.
761 1928 830 1984 (cf.
857 1943 893 1967 v.
922 1928 1006 1982 45.)
1034 1933 1073 1966 et
1100 1931 1134 1980 1,
1163 1931 1221 1967 35.
1251 1928 1319 1983 (cf.
1347 1943 1385 1969 v.

61 1990 159 2044 29.)
186 2013 236 2021 -
260 1993 464 2030 Persarum
488 2003 582 2029 vero
609 1995 649 2029 et
674 1993 946 2029 Britannorum
971 1991 1116 2029 mentio
1141 1993 1253 2029 facile
1281 1993 1386 2030 ducit·

62 2053 114 2089 ad
139 2064 226 2090 ann.
255 2053 362 2104 726„
408 2065 483 2102 quo
511 2054 746 2091 Octavianus
782 2053 878 2090 duos
914 2054 1108 2090 exercitus
1143 2064 1189 2090 eo
1224 2055 1385 2091 consilio

61 2115 364 2165 conscripserat,
403 2118 448 2152 ut
481 2116 644 2152 alterum
677 2115 762 2162 ipse
798 2116 930 2151 contra
967 2114 1173 2151 Britannos
1214 2115 1382 2164 duceret,

61 2175 226 2217 alterum
251 2176 423 2213 mitteret
455 2177 498 2213 in
521 2176 707 2214 Arabiam
733 2172 831 2228 (Dio
856 2176 926 2227 53,
954 2172 1051 2229 22).
1103 2177 1204 2215 Hinc
1231 2177 1384 2224 scripsit

61 2236 194 2277 Horat.
222 2237 284 2275 od.
313 2239 349 2288 1,
377 2238 437 2276 35.
464 2238 546 2276 38.:

590 2301 623 2337 O
650 2300 797 2336 utinam
822 2310 923 2337 nova

259 2360 402 2398 Incude
431 2361 605 2408 diffingas
631 2363 805 2398 retusum
829 2361 871 2397 in

325 2425 580 2471 Massaqetas
603 2422 830 2469 Arabasque
855 2423 1009 2463 ferrum.

63 2481 214 2531 Deinde
240 2495 331 2521 vero
357 2488 401 2520 ut
436 2484 483 2520 de
516 2483 617 2520 ludis
656 2483 827 2519 Actiacis
855 2485 1038 2534 cogitem,
1083 2483 1279 2532 permovet
1319 2492 1381 2516 me

65 2542 243 2580 Scholion
269 2545 462 2593 quoddam
498 2544 779 2594 Cruquianum,
817 2545 919 2592 quod
953 2556 1185 2593 quamquam
1219 2543 1379 2579 carmini

65 2603 250 2641 saeculari
275 2607 475 2656 adhaeret,
502 2606 606 2644 haud
632 2605 748 2642 dubie
775 2608 904 2643 tamen
929 2606 1002 2644 huc
1029 2607 1208 2653 pertinet.
1262 2604 1379 2642 Scho-

1035 2666 1077 2702 11
1093 2665 1116 2689 ³*
