<?xml version="1.0" encoding="UTF-8"?>
<!DOCTYPE html PUBLIC "-//W3C//DTD XHTML 1.0 Transitional//EN"
    "http://www.w3.org/TR/xhtml1/DTD/xhtml1-transitional.dtd">
<html xmlns="http://www.w3.org/1999/xhtml" xml:lang="en" lang="en">
 <head>
  <title>
</title>
<meta http-equiv="Content-Type" content="text/html;charset=utf-8" />
  <meta name='ocr-system' content='tesseract 3.04.00' />
  <meta name='ocr-capabilities' content='ocr_page ocr_carea ocr_par ocr_line ocrx_word'/>
</head>
<body>
  <div class='ocr_page' id='page_1' title='image "./fastihoratianiac00franuoft_0060.png"; bbox 0 0 1679 2948; ppageno 0'>
   <div class='ocr_carea' id='block_1_1' title="bbox 720 223 997 265">
    <p class='ocr_par' dir='ltr' id='par_1_1' title="bbox 720 223 997 265">
     <span class='ocr_line' id='line_1_1' title="bbox 720 223 997 265; baseline -0.007 -12"><span class='ocrx_word' id='word_1_1' title='bbox 720 223 997 265; x_wconf 35' lang='lat'>*52-</span> 
     </span>
    </p>
   </div>
   <div class='ocr_carea' id='block_1_2' title="bbox 193 330 1540 1606">
    <p class='ocr_par' dir='ltr' id='par_1_2' title="bbox 193 330 1540 1606">
     <span class='ocr_line' id='line_1_2' title="bbox 195 330 1534 382; baseline -0.004 -9"><span class='ocrx_word' id='word_1_2' title='bbox 195 337 327 373; x_wconf 86' lang='lat' dir='ltr'>vitutis</span> <span class='ocrx_word' id='word_1_3' title='bbox 356 336 503 373; x_wconf 79' lang='lat' dir='ltr'>crimen</span> <span class='ocrx_word' id='word_1_4' title='bbox 530 333 706 370; x_wconf 89' lang='lat' dir='ltr'>subierit.</span> <span class='ocrx_word' id='word_1_5' title='bbox 759 333 812 369; x_wconf 82' lang='lat' dir='ltr'>At</span> <span class='ocrx_word' id='word_1_6' title='bbox 840 331 1002 379; x_wconf 74' lang='lat' dir='ltr'><strong>sepultis</strong></span> <span class='ocrx_word' id='word_1_7' title='bbox 1029 330 1144 367; x_wconf 88' lang='lat' dir='ltr'>bellis</span> <span class='ocrx_word' id='word_1_8' title='bbox 1171 331 1369 382; x_wconf 87' lang='lat' dir='ltr'>civilibus,</span> <span class='ocrx_word' id='word_1_9' title='bbox 1407 331 1534 380; x_wconf 87' lang='lat' dir='ltr'>sopito</span> 
     </span>
     <span class='ocr_line' id='line_1_3' title="bbox 196 391 1534 443; baseline -0.005 -8"><span class='ocrx_word' id='word_1_10' title='bbox 196 409 387 434; x_wconf 87' lang='lat' dir='ltr'>armorum</span> <span class='ocrx_word' id='word_1_11' title='bbox 422 398 571 443; x_wconf 83' lang='lat' dir='ltr'>furore,</span> <span class='ocrx_word' id='word_1_12' title='bbox 613 394 773 441; x_wconf 86' lang='lat' dir='ltr'>antiqua</span> <span class='ocrx_word' id='word_1_13' title='bbox 811 391 1050 439; x_wconf 87' lang='lat' dir='ltr'>reipublicae</span> <span class='ocrx_word' id='word_1_14' title='bbox 1090 392 1212 427; x_wconf 84' lang='lat' dir='ltr'>forma</span> <span class='ocrx_word' id='word_1_15' title='bbox 1250 393 1534 440; x_wconf 87' lang='lat' dir='ltr'>quodammodo</span> 
     </span>
     <span class='ocr_line' id='line_1_4' title="bbox 195 452 1533 507; baseline -0.004 -11"><span class='ocrx_word' id='word_1_16' title='bbox 195 461 388 507; x_wconf 85' lang='lat' dir='ltr'>revocata,</span> <span class='ocrx_word' id='word_1_17' title='bbox 418 468 503 493; x_wconf 84' lang='lat' dir='ltr'>cum</span> <span class='ocrx_word' id='word_1_18' title='bbox 530 465 683 490; x_wconf 90' lang='lat' dir='ltr'>omnem</span> <span class='ocrx_word' id='word_1_19' title='bbox 709 455 958 502; x_wconf 88' lang='lat' dir='ltr'>potestatem,</span> <span class='ocrx_word' id='word_1_20' title='bbox 986 454 1030 488; x_wconf 86' lang='lat' dir='ltr'>ut</span> <span class='ocrx_word' id='word_1_21' title='bbox 1056 452 1111 488; x_wconf 82' lang='lat' dir='ltr'>ait</span> <span class='ocrx_word' id='word_1_22' title='bbox 1136 453 1309 503; x_wconf 90' lang='lat' dir='ltr'>Tacitus,</span> <span class='ocrx_word' id='word_1_23' title='bbox 1337 454 1388 490; x_wconf 86' lang='lat' dir='ltr'>ad</span> <span class='ocrx_word' id='word_1_24' title='bbox 1412 465 1533 506; x_wconf 77' lang='lat' dir='ltr'>unum</span> 
     </span>
     <span class='ocr_line' id='line_1_5' title="bbox 197 514 1535 565; baseline -0.004 -8"><span class='ocrx_word' id='word_1_25' title='bbox 197 520 361 557; x_wconf 83' lang='lat' dir='ltr'>conferri</span> <span class='ocrx_word' id='word_1_26' title='bbox 389 517 495 565; x_wconf 80' lang='lat' dir='ltr'>pacis</span> <span class='ocrx_word' id='word_1_27' title='bbox 523 516 753 564; x_wconf 77' lang='lat' dir='ltr'><strong>interesset,</strong></span> <span class='ocrx_word' id='word_1_28' title='bbox 795 526 882 551; x_wconf 89' lang='lat' dir='ltr'>cum</span> <span class='ocrx_word' id='word_1_29' title='bbox 917 514 1042 550; x_wconf 87' lang='lat' dir='ltr'>cultus</span> <span class='ocrx_word' id='word_1_30' title='bbox 1077 514 1202 563; x_wconf 82' lang='lat' dir='ltr'>agris,</span> <span class='ocrx_word' id='word_1_31' title='bbox 1244 514 1363 550; x_wconf 87' lang='lat' dir='ltr'>sacris</span> <span class='ocrx_word' id='word_1_32' title='bbox 1397 515 1535 565; x_wconf 84' lang='lat' dir='ltr'>honos,</span> 
     </span>
     <span class='ocr_line' id='line_1_6' title="bbox 197 576 1536 626; baseline -0.004 -8"><span class='ocrx_word' id='word_1_33' title='bbox 197 581 383 618; x_wconf 78' lang='lat' dir='ltr'>securitas</span> <span class='ocrx_word' id='word_1_34' title='bbox 411 577 654 626; x_wconf 89' lang='lat' dir='ltr'>hominibus,</span> <span class='ocrx_word' id='word_1_35' title='bbox 692 578 798 613; x_wconf 85' lang='lat' dir='ltr'>certa</span> <span class='ocrx_word' id='word_1_36' title='bbox 833 576 972 623; x_wconf 83' lang='lat' dir='ltr'>cuique</span> <span class='ocrx_word' id='word_1_37' title='bbox 999 586 1129 611; x_wconf 89' lang='lat' dir='ltr'>rerum</span> <span class='ocrx_word' id='word_1_38' title='bbox 1156 586 1312 611; x_wconf 83' lang='lat' dir='ltr'>suarum</span> <span class='ocrx_word' id='word_1_39' title='bbox 1338 577 1536 623; x_wconf 88' lang='lat' dir='ltr'><strong>possessio</strong></span> 
     </span>
     <span class='ocr_line' id='line_1_7' title="bbox 195 636 1535 678; baseline -0.003 -1"><span class='ocrx_word' id='word_1_40' title='bbox 195 642 390 678; x_wconf 76' lang='lat' dir='ltr'><strong>redirent:</strong></span> <span class='ocrx_word' id='word_1_41' title='bbox 419 639 537 675; x_wconf 83' lang='lat' dir='ltr'>etiam</span> <span class='ocrx_word' id='word_1_42' title='bbox 563 637 748 674; x_wconf 81' lang='lat' dir='ltr'><strong>Horatius</strong></span> <span class='ocrx_word' id='word_1_43' title='bbox 775 648 899 673; x_wconf 80' lang='lat' dir='ltr'>novae</span> <span class='ocrx_word' id='word_1_44' title='bbox 927 648 1056 673; x_wconf 89' lang='lat' dir='ltr'>rerum</span> <span class='ocrx_word' id='word_1_45' title='bbox 1084 636 1296 672; x_wconf 84' lang='lat' dir='ltr'>conditioni</span> <span class='ocrx_word' id='word_1_46' title='bbox 1321 637 1377 673; x_wconf 86' lang='lat' dir='ltr'>ita</span> <span class='ocrx_word' id='word_1_47' title='bbox 1404 648 1535 673; x_wconf 85' lang='lat' dir='ltr'>assue-</span> 
     </span>
     <span class='ocr_line' id='line_1_8' title="bbox 196 698 1537 751; baseline -0.003 -14"><span class='ocrx_word' id='word_1_48' title='bbox 196 704 273 751; x_wconf 89' lang='lat' dir='ltr'>vit,</span> <span class='ocrx_word' id='word_1_49' title='bbox 315 703 379 750; x_wconf 87' lang='lat' dir='ltr'>ut,</span> <span class='ocrx_word' id='word_1_50' title='bbox 422 711 508 736; x_wconf 89' lang='lat' dir='ltr'>cum</span> <span class='ocrx_word' id='word_1_51' title='bbox 542 699 584 735; x_wconf 92' lang='lat' dir='ltr'>in</span> <span class='ocrx_word' id='word_1_52' title='bbox 611 710 657 734; x_wconf 91' lang='lat' dir='ltr'>ea</span> <span class='ocrx_word' id='word_1_53' title='bbox 685 699 766 734; x_wconf 91' lang='lat' dir='ltr'>sola</span> <span class='ocrx_word' id='word_1_54' title='bbox 794 698 941 746; x_wconf 82' lang='lat' dir='ltr'>patriae</span> <span class='ocrx_word' id='word_1_55' title='bbox 970 699 1133 734; x_wconf 83' lang='lat' dir='ltr'>salutem</span> <span class='ocrx_word' id='word_1_56' title='bbox 1161 699 1275 734; x_wconf 80' lang='lat' dir='ltr'>sitam</span> <span class='ocrx_word' id='word_1_57' title='bbox 1303 709 1388 733; x_wconf 85' lang='lat' dir='ltr'>esse</span> <span class='ocrx_word' id='word_1_58' title='bbox 1415 698 1537 745; x_wconf 86' lang='lat' dir='ltr'><strong>probe</strong></span> 
     </span>
     <span class='ocr_line' id='line_1_9' title="bbox 197 759 1537 810; baseline -0.004 -11"><span class='ocrx_word' id='word_1_59' title='bbox 197 763 445 810; x_wconf 71' lang='lat' dir='ltr'>intelligeret,</span> <span class='ocrx_word' id='word_1_60' title='bbox 474 760 618 797; x_wconf 88' lang='lat' dir='ltr'>oblitus</span> <span class='ocrx_word' id='word_1_61' title='bbox 646 761 834 796; x_wconf 85' lang='lat' dir='ltr'>malorum</span> <span class='ocrx_word' id='word_1_62' title='bbox 863 762 1025 796; x_wconf 76' lang='lat' dir='ltr'>externa</span> <span class='ocrx_word' id='word_1_63' title='bbox 1053 761 1182 807; x_wconf 85' lang='lat' dir='ltr'>quiete</span> <span class='ocrx_word' id='word_1_64' title='bbox 1210 759 1405 807; x_wconf 81' lang='lat' dir='ltr'>animique</span> <span class='ocrx_word' id='word_1_65' title='bbox 1433 762 1537 795; x_wconf 86' lang='lat' dir='ltr'>tran-</span> 
     </span>
     <span class='ocr_line' id='line_1_10' title="bbox 197 820 1538 872; baseline -0.004 -12"><span class='ocrx_word' id='word_1_66' title='bbox 197 824 387 872; x_wconf 88' lang='lat' dir='ltr'>quillitate</span> <span class='ocrx_word' id='word_1_67' title='bbox 414 824 644 869; x_wconf 81' lang='lat' dir='ltr'>recuperata</span> <span class='ocrx_word' id='word_1_68' title='bbox 678 823 760 856; x_wconf 86' lang='lat' dir='ltr'>tum</span> <span class='ocrx_word' id='word_1_69' title='bbox 795 821 844 856; x_wconf 84' lang='lat' dir='ltr'>ad</span> <span class='ocrx_word' id='word_1_70' title='bbox 871 821 973 857; x_wconf 80' lang='lat' dir='ltr'>vitae</span> <span class='ocrx_word' id='word_1_71' title='bbox 1009 820 1193 857; x_wconf 91' lang='lat' dir='ltr'>mollioris</span> <span class='ocrx_word' id='word_1_72' title='bbox 1229 820 1472 857; x_wconf 77' lang='lat' dir='ltr'>dulcedinem</span> <span class='ocrx_word' id='word_1_73' title='bbox 1499 821 1538 855; x_wconf 85' lang='lat' dir='ltr'>et</span> 
     </span>
     <span class='ocr_line' id='line_1_11' title="bbox 196 880 1538 934; baseline -0.004 -13"><span class='ocrx_word' id='word_1_74' title='bbox 196 886 415 932; x_wconf 80' lang='lat' dir='ltr'>voluptates</span> <span class='ocrx_word' id='word_1_75' title='bbox 443 882 625 919; x_wconf 86' lang='lat' dir='ltr'>fruendas</span> <span class='ocrx_word' id='word_1_76' title='bbox 652 884 853 929; x_wconf 85' lang='lat' dir='ltr'>promptus</span> <span class='ocrx_word' id='word_1_77' title='bbox 881 884 1115 929; x_wconf 83' lang='lat' dir='ltr'>paratusque</span> <span class='ocrx_word' id='word_1_78' title='bbox 1145 884 1249 917; x_wconf 86' lang='lat' dir='ltr'>esset</span> <span class='ocrx_word' id='word_1_79' title='bbox 1268 880 1319 934; x_wconf 88' lang='lat'>¹),</span> <span class='ocrx_word' id='word_1_80' title='bbox 1348 884 1429 917; x_wconf 91' lang='lat' dir='ltr'>tum</span> <span class='ocrx_word' id='word_1_81' title='bbox 1444 881 1538 917; x_wconf 89' lang='lat' dir='ltr'>Les-</span> 
     </span>
     <span class='ocr_line' id='line_1_12' title="bbox 197 943 1539 993; baseline -0.003 -10"><span class='ocrx_word' id='word_1_82' title='bbox 197 947 263 983; x_wconf 88' lang='lat' dir='ltr'>bio</span> <span class='ocrx_word' id='word_1_83' title='bbox 290 946 437 993; x_wconf 85' lang='lat' dir='ltr'>plectro</span> <span class='ocrx_word' id='word_1_84' title='bbox 465 945 528 980; x_wconf 86' lang='lat' dir='ltr'>vel</span> <span class='ocrx_word' id='word_1_85' title='bbox 545 943 750 990; x_wconf 73' lang='lat' dir='ltr'>juvenum</span> <span class='ocrx_word' id='word_1_86' title='bbox 779 953 914 991; x_wconf 61' lang='lat' dir='ltr'>curas,</span> <span class='ocrx_word' id='word_1_87' title='bbox 936 945 1093 990; x_wconf 69' lang='lat' dir='ltr'>proella</span> <span class='ocrx_word' id='word_1_88' title='bbox 1120 945 1322 990; x_wconf 67' lang='lat' dir='ltr'>riryz&#39;num</span> <span class='ocrx_word' id='word_1_89' title='bbox 1350 948 1387 980; x_wconf 79' lang='lat' dir='ltr'>ec</span> <span class='ocrx_word' id='word_1_90' title='bbox 1411 944 1539 980; x_wconf 72' lang='lat' dir='ltr'>libera</span> 
     </span>
     <span class='ocr_line' id='line_1_13' title="bbox 197 1004 1538 1053; baseline -0.004 -9"><span class='ocrx_word' id='word_1_91' title='bbox 197 1010 296 1044; x_wconf 67' lang='lat' dir='ltr'>vina</span> <span class='ocrx_word' id='word_1_92' title='bbox 322 1004 512 1053; x_wconf 59' lang='lat' dir='ltr'>referret,</span> <span class='ocrx_word' id='word_1_93' title='bbox 547 1005 609 1040; x_wconf 84' lang='lat' dir='ltr'>vel</span> <span class='ocrx_word' id='word_1_94' title='bbox 645 1006 788 1041; x_wconf 73' lang='lat' dir='ltr'>landes</span> <span class='ocrx_word' id='word_1_95' title='bbox 815 1007 964 1052; x_wconf 64' lang='lat' dir='ltr'>eyreffl</span> <span class='ocrx_word' id='word_1_96' title='bbox 996 1005 1184 1040; x_wconf 72' lang='lat' dir='ltr'>Caesaris</span> <span class='ocrx_word' id='word_1_97' title='bbox 1219 1004 1432 1040; x_wconf 85' lang='lat' dir='ltr'>communis</span> <span class='ocrx_word' id='word_1_98' title='bbox 1458 1004 1538 1040; x_wconf 87' lang='lat' dir='ltr'>lae-</span> 
     </span>
     <span class='ocr_line' id='line_1_14' title="bbox 199 1065 1538 1114; baseline -0.003 -10"><span class='ocrx_word' id='word_1_99' title='bbox 199 1068 308 1104; x_wconf 85' lang='lat' dir='ltr'>titiae</span> <span class='ocrx_word' id='word_1_100' title='bbox 336 1067 528 1113; x_wconf 83' lang='lat' dir='ltr'>interpres</span> <span class='ocrx_word' id='word_1_101' title='bbox 557 1065 781 1101; x_wconf 88' lang='lat' dir='ltr'>celebraret.</span> <span class='ocrx_word' id='word_1_102' title='bbox 836 1065 896 1100; x_wconf 85' lang='lat' dir='ltr'>Ita</span> <span class='ocrx_word' id='word_1_103' title='bbox 922 1065 1041 1111; x_wconf 78' lang='lat' dir='ltr'>igitur</span> <span class='ocrx_word' id='word_1_104' title='bbox 1076 1065 1123 1100; x_wconf 90' lang='lat' dir='ltr'>ab</span> <span class='ocrx_word' id='word_1_105' title='bbox 1155 1075 1200 1100; x_wconf 87' lang='lat' dir='ltr'>co</span> <span class='ocrx_word' id='word_1_106' title='bbox 1227 1066 1424 1114; x_wconf 87' lang='lat' dir='ltr'>tempore,</span> <span class='ocrx_word' id='word_1_107' title='bbox 1462 1075 1538 1112; x_wconf 93' lang='lat' dir='ltr'>quo</span> 
     </span>
     <span class='ocr_line' id='line_1_15' title="bbox 198 1125 1539 1176; baseline -0.002 -12"><span class='ocrx_word' id='word_1_108' title='bbox 198 1128 435 1176; x_wconf 81' lang='lat' dir='ltr'>reipublicae</span> <span class='ocrx_word' id='word_1_109' title='bbox 462 1125 738 1162; x_wconf 82' lang='lat' dir='ltr'>immutabatur</span> <span class='ocrx_word' id='word_1_110' title='bbox 764 1127 898 1175; x_wconf 79' lang='lat' dir='ltr'>forma,</span> <span class='ocrx_word' id='word_1_111' title='bbox 926 1126 966 1162; x_wconf 92' lang='lat' dir='ltr'>in</span> <span class='ocrx_word' id='word_1_112' title='bbox 982 1127 1145 1173; x_wconf 72' lang='lat' dir='ltr'>lyricam</span> <span class='ocrx_word' id='word_1_113' title='bbox 1162 1127 1300 1174; x_wconf 84' lang='lat' dir='ltr'>poesin</span> <span class='ocrx_word' id='word_1_114' title='bbox 1316 1125 1539 1163; x_wconf 85' lang='lat' dir='ltr'>incubuisse</span> 
     </span>
     <span class='ocr_line' id='line_1_16' title="bbox 199 1187 1536 1234; baseline -0.001 -9"><span class='ocrx_word' id='word_1_115' title='bbox 199 1189 364 1225; x_wconf 84' lang='lat' dir='ltr'>videtur.</span> <span class='ocrx_word' id='word_1_116' title='bbox 418 1187 581 1224; x_wconf 81' lang='lat' dir='ltr'>Accedit</span> <span class='ocrx_word' id='word_1_117' title='bbox 622 1187 725 1234; x_wconf 87' lang='lat' dir='ltr'>quod</span> <span class='ocrx_word' id='word_1_118' title='bbox 764 1197 864 1222; x_wconf 91' lang='lat' dir='ltr'>anno</span> <span class='ocrx_word' id='word_1_119' title='bbox 906 1187 1061 1223; x_wconf 88' lang='lat' dir='ltr'>demum</span> <span class='ocrx_word' id='word_1_120' title='bbox 1095 1200 1131 1224; x_wconf 92' lang='lat' dir='ltr'>u.</span> <span class='ocrx_word' id='word_1_121' title='bbox 1169 1200 1200 1224; x_wconf 92' lang='lat' dir='ltr'>c.</span> <span class='ocrx_word' id='word_1_122' title='bbox 1238 1188 1323 1224; x_wconf 82' lang='lat'>721.</span> <span class='ocrx_word' id='word_1_123' title='bbox 1359 1188 1423 1224; x_wconf 88' lang='lat' dir='ltr'>vel</span> <span class='ocrx_word' id='word_1_124' title='bbox 1450 1187 1536 1223; x_wconf 82' lang='lat'>722.</span> 
     </span>
     <span class='ocr_line' id='line_1_17' title="bbox 200 1246 1539 1300; baseline -0.002 -13"><span class='ocrx_word' id='word_1_125' title='bbox 200 1249 438 1287; x_wconf 84' lang='lat' dir='ltr'>Maecenatis</span> <span class='ocrx_word' id='word_1_126' title='bbox 466 1248 699 1284; x_wconf 80' lang='lat' dir='ltr'>liberalitate.</span> <span class='ocrx_word' id='word_1_127' title='bbox 728 1248 878 1295; x_wconf 72' lang='lat' dir='ltr'>accepit</span> <span class='ocrx_word' id='word_1_128' title='bbox 905 1249 1035 1285; x_wconf 83' lang='lat' dir='ltr'>villam</span> <span class='ocrx_word' id='word_1_129' title='bbox 1053 1246 1103 1300; x_wconf 94' lang='grc'>2.)</span> <span class='ocrx_word' id='word_1_130' title='bbox 1149 1249 1294 1291; x_wconf 81' lang='lat' dir='ltr'>Quidni</span> <span class='ocrx_word' id='word_1_131' title='bbox 1321 1249 1424 1285; x_wconf 88' lang='lat' dir='ltr'>enim</span> <span class='ocrx_word' id='word_1_132' title='bbox 1451 1260 1539 1284; x_wconf 85' lang='lat' dir='ltr'>eum</span> 
     </span>
     <span class='ocr_line' id='line_1_18' title="bbox 201 1309 1539 1358; baseline -0.002 -10"><span class='ocrx_word' id='word_1_133' title='bbox 201 1313 242 1348; x_wconf 89' lang='lat' dir='ltr'>in</span> <span class='ocrx_word' id='word_1_134' title='bbox 266 1322 370 1347; x_wconf 84' lang='lat' dir='ltr'>nova</span> <span class='ocrx_word' id='word_1_135' title='bbox 403 1310 649 1358; x_wconf 85' lang='lat' dir='ltr'>potissimum</span> <span class='ocrx_word' id='word_1_136' title='bbox 684 1309 776 1345; x_wconf 86' lang='lat' dir='ltr'>sede</span> <span class='ocrx_word' id='word_1_137' title='bbox 817 1312 899 1345; x_wconf 90' lang='lat' dir='ltr'>tum</span> <span class='ocrx_word' id='word_1_138' title='bbox 940 1311 1075 1346; x_wconf 85' lang='lat' dir='ltr'>crebra</span> <span class='ocrx_word' id='word_1_139' title='bbox 1108 1313 1269 1346; x_wconf 88' lang='lat' dir='ltr'>naturae</span> <span class='ocrx_word' id='word_1_140' title='bbox 1305 1311 1539 1357; x_wconf 82' lang='lat' dir='ltr'>contempla-</span> 
     </span>
     <span class='ocr_line' id='line_1_19' title="bbox 201 1366 1540 1422; baseline -0.001 -13"><span class='ocrx_word' id='word_1_141' title='bbox 201 1374 320 1422; x_wconf 87' lang='lat' dir='ltr'>tione,</span> <span class='ocrx_word' id='word_1_142' title='bbox 349 1374 431 1407; x_wconf 86' lang='lat' dir='ltr'>tum</span> <span class='ocrx_word' id='word_1_143' title='bbox 457 1371 653 1407; x_wconf 87' lang='lat' dir='ltr'>indefesso</span> <span class='ocrx_word' id='word_1_144' title='bbox 682 1380 907 1415; x_wconf 80' lang='lat' dir='ltr'>graecorum</span> <span class='ocrx_word' id='word_1_145' title='bbox 933 1372 1144 1416; x_wconf 85' lang='lat' dir='ltr'>lyricorum</span> <span class='ocrx_word' id='word_1_146' title='bbox 1163 1372 1305 1421; x_wconf 88' lang='lat' dir='ltr'>studio,</span> <span class='ocrx_word' id='word_1_147' title='bbox 1334 1371 1474 1408; x_wconf 73' lang='lat' dir='ltr'>Alcaei</span> <span class='ocrx_word' id='word_1_148' title='bbox 1487 1366 1540 1422; x_wconf 82' lang='grc'>3),</span> 
     </span>
     <span class='ocr_line' id='line_1_20' title="bbox 200 1427 1539 1484; baseline -0.001 -13"><span class='ocrx_word' id='word_1_149' title='bbox 200 1435 387 1482; x_wconf 76' lang='lat' dir='ltr'>Sapphus</span> <span class='ocrx_word' id='word_1_150' title='bbox 406 1431 457 1484; x_wconf 69' lang='lat'>⁴),</span> <span class='ocrx_word' id='word_1_151' title='bbox 491 1432 761 1469; x_wconf 76' lang='lat' dir='ltr'>Anacreontis</span> <span class='ocrx_word' id='word_1_152' title='bbox 780 1427 830 1482; x_wconf 70' lang='lat'>⁵),</span> <span class='ocrx_word' id='word_1_153' title='bbox 865 1434 1078 1469; x_wconf 73' lang='lat' dir='ltr'>Stesichori</span> <span class='ocrx_word' id='word_1_154' title='bbox 1096 1432 1145 1481; x_wconf 70' lang='grc' dir='ltr'>ὃ),</span> <span class='ocrx_word' id='word_1_155' title='bbox 1172 1435 1345 1470; x_wconf 73' lang='lat' dir='ltr'>Pindari</span> <span class='ocrx_word' id='word_1_156' title='bbox 1363 1431 1411 1484; x_wconf 81' lang='grc'>7),</span> <span class='ocrx_word' id='word_1_157' title='bbox 1443 1433 1539 1470; x_wconf 82' lang='lat' dir='ltr'>Cal-</span> 
     </span>
     <span class='ocr_line' id='line_1_21' title="bbox 193 1489 1538 1547; baseline -0.002 -14"><span class='ocrx_word' id='word_1_158' title='bbox 193 1496 364 1533; x_wconf 64' lang='lat' dir='ltr'>limachi</span> <span class='ocrx_word' id='word_1_159' title='bbox 383 1490 440 1545; x_wconf 68' lang='grc'>2),</span> <span class='ocrx_word' id='word_1_160' title='bbox 478 1493 736 1537; x_wconf 77' lang='lat' dir='ltr'>clegiacorum</span> <span class='ocrx_word' id='word_1_161' title='bbox 764 1493 925 1541; x_wconf 69' lang='lat' dir='ltr'>Tyrtaei</span> <span class='ocrx_word' id='word_1_162' title='bbox 943 1489 1001 1547; x_wconf 65' lang='grc'>9),</span> <span class='ocrx_word' id='word_1_163' title='bbox 1037 1496 1270 1531; x_wconf 72' lang='lat' dir='ltr'>Mimnermi</span> <span class='ocrx_word' id='word_1_164' title='bbox 1287 1491 1366 1544; x_wconf 79' lang='grc'>10),</span> <span class='ocrx_word' id='word_1_165' title='bbox 1403 1496 1538 1531; x_wconf 75' lang='lat' dir='ltr'>Simo-</span> 
     </span>
     <span class='ocr_line' id='line_1_22' title="bbox 200 1552 1539 1606; baseline -0.002 -13"><span class='ocrx_word' id='word_1_166' title='bbox 200 1559 308 1593; x_wconf 74' lang='lat' dir='ltr'>uide&#39;s</span> <span class='ocrx_word' id='word_1_167' title='bbox 329 1552 386 1606; x_wconf 86' lang='lat'>¹¹)</span> <span class='ocrx_word' id='word_1_168' title='bbox 413 1576 463 1581; x_wconf 92' lang='lat'>—</span> <span class='ocrx_word' id='word_1_169' title='bbox 490 1555 560 1590; x_wconf 86' lang='lat' dir='ltr'>hos</span> <span class='ocrx_word' id='word_1_170' title='bbox 588 1554 691 1590; x_wconf 82' lang='lat' dir='ltr'>enim</span> <span class='ocrx_word' id='word_1_171' title='bbox 719 1554 820 1589; x_wconf 88' lang='lat' dir='ltr'>solos</span> <span class='ocrx_word' id='word_1_172' title='bbox 849 1557 1121 1590; x_wconf 85' lang='lat' dir='ltr'>commemorat</span> <span class='ocrx_word' id='word_1_173' title='bbox 1147 1576 1198 1582; x_wconf 90' lang='lat'>—-</span> <span class='ocrx_word' id='word_1_174' title='bbox 1223 1556 1417 1592; x_wconf 88' lang='lat' dir='ltr'>molliores</span> <span class='ocrx_word' id='word_1_175' title='bbox 1444 1555 1539 1602; x_wconf 82' lang='lat' dir='ltr'>lyri-</span> 
     </span>
    </p>
   </div>
   <div class='ocr_carea' id='block_1_3' title="bbox 293 1756 1537 1798">
    <p class='ocr_par' dir='ltr' id='par_1_3' title="bbox 293 1756 1537 1798">
     <span class='ocr_line' id='line_1_23' title="bbox 293 1756 1537 1798; baseline -0.002 -9"><span class='ocrx_word' id='word_1_176' title='bbox 293 1758 330 1795; x_wconf 88' lang='lat'>1)</span> <span class='ocrx_word' id='word_1_177' title='bbox 356 1758 404 1787; x_wconf 80' lang='lat' dir='ltr'>Cf.</span> <span class='ocrx_word' id='word_1_178' title='bbox 428 1756 585 1786; x_wconf 78' lang='lat' dir='ltr'>Wicland.</span> <span class='ocrx_word' id='word_1_179' title='bbox 609 1756 726 1786; x_wconf 77' lang='lat' dir='ltr'>introd.</span> <span class='ocrx_word' id='word_1_180' title='bbox 752 1757 821 1786; x_wconf 68' lang='lat' dir='ltr'>Sat.</span> <span class='ocrx_word' id='word_1_181' title='bbox 848 1757 886 1791; x_wconf 81' lang='lat'>2.</span> <span class='ocrx_word' id='word_1_182' title='bbox 911 1758 941 1788; x_wconf 91' lang='grc'>3.</span> <span class='ocrx_word' id='word_1_183' title='bbox 988 1757 1117 1788; x_wconf 81' lang='lat' dir='ltr'>Kirchn.</span> <span class='ocrx_word' id='word_1_184' title='bbox 1144 1760 1267 1797; x_wconf 83' lang='lat' dir='ltr'>quaest.</span> <span class='ocrx_word' id='word_1_185' title='bbox 1291 1768 1322 1798; x_wconf 89' lang='lat' dir='ltr'>p.</span> <span class='ocrx_word' id='word_1_186' title='bbox 1348 1757 1402 1789; x_wconf 78' lang='grc'>28.</span> <span class='ocrx_word' id='word_1_187' title='bbox 1426 1756 1458 1797; x_wconf 62' lang='grc' dir='ltr'>ἓ.</span> <span class='ocrx_word' id='word_1_188' title='bbox 1484 1757 1537 1788; x_wconf 85' lang='grc'>53.</span> 
     </span>
    </p>
   </div>
   <div class='ocr_carea' id='block_1_4' title="bbox 203 1812 1539 1985">
    <p class='ocr_par' dir='ltr' id='par_1_4' title="bbox 203 1812 1539 1985">
     <span class='ocr_line' id='line_1_24' title="bbox 293 1812 1537 1852; baseline -0.001 -8"><span class='ocrx_word' id='word_1_189' title='bbox 293 1813 616 1852; x_wconf 47' lang='lat' dir='ltr'>2‡)Yillacpri1num</span> <span class='ocrx_word' id='word_1_190' title='bbox 642 1812 759 1842; x_wconf 83' lang='lat' dir='ltr'>mentio</span> <span class='ocrx_word' id='word_1_191' title='bbox 785 1812 869 1842; x_wconf 68' lang='lat' dir='ltr'>sacta</span> <span class='ocrx_word' id='word_1_192' title='bbox 902 1814 971 1843; x_wconf 80' lang='lat' dir='ltr'>Sat.</span> <span class='ocrx_word' id='word_1_193' title='bbox 997 1814 1034 1847; x_wconf 78' lang='grc'>2,</span> <span class='ocrx_word' id='word_1_194' title='bbox 1067 1815 1097 1844; x_wconf 87' lang='lat'>3.</span> <span class='ocrx_word' id='word_1_195' title='bbox 1130 1813 1182 1844; x_wconf 89' lang='grc'>10.</span> <span class='ocrx_word' id='word_1_196' title='bbox 1223 1814 1263 1844; x_wconf 80' lang='lat' dir='ltr'>cf.</span> <span class='ocrx_word' id='word_1_197' title='bbox 1305 1814 1467 1844; x_wconf 78' lang='lat' dir='ltr'>Obbarius</span> <span class='ocrx_word' id='word_1_198' title='bbox 1505 1813 1537 1843; x_wconf 90' lang='lat' dir='ltr'>in</span> 
     </span>
     <span class='ocr_line' id='line_1_25' title="bbox 204 1857 1539 1899; baseline -0.001 -10"><span class='ocrx_word' id='word_1_199' title='bbox 204 1858 343 1889; x_wconf 82' lang='lat' dir='ltr'>Seebod.</span> <span class='ocrx_word' id='word_1_200' title='bbox 377 1861 409 1888; x_wconf 86' lang='lat' dir='ltr'>ct</span> <span class='ocrx_word' id='word_1_201' title='bbox 439 1857 531 1888; x_wconf 69' lang='lat' dir='ltr'>jahn.</span> <span class='ocrx_word' id='word_1_202' title='bbox 563 1857 669 1886; x_wconf 78' lang='lat' dir='ltr'>annal.</span> <span class='ocrx_word' id='word_1_203' title='bbox 702 1866 775 1886; x_wconf 78' lang='lat' dir='ltr'>ann.</span> <span class='ocrx_word' id='word_1_204' title='bbox 803 1857 899 1888; x_wconf 70' lang='lat'>1832.</span> <span class='ocrx_word' id='word_1_205' title='bbox 925 1858 986 1888; x_wconf 58' lang='lat' dir='ltr'>iol.</span> <span class='ocrx_word' id='word_1_206' title='bbox 1010 1858 1035 1887; x_wconf 93' lang='lat' dir='ltr'>I.</span> <span class='ocrx_word' id='word_1_207' title='bbox 1059 1858 1138 1888; x_wconf 82' lang='lat' dir='ltr'>fasc.</span> <span class='ocrx_word' id='word_1_208' title='bbox 1163 1858 1194 1889; x_wconf 78' lang='lat'>4.</span> <span class='ocrx_word' id='word_1_209' title='bbox 1227 1869 1258 1898; x_wconf 89' lang='lat' dir='ltr'>p.</span> <span class='ocrx_word' id='word_1_210' title='bbox 1283 1859 1346 1890; x_wconf 73' lang='lat'>583</span> <span class='ocrx_word' id='word_1_211' title='bbox 1371 1869 1418 1899; x_wconf 84' lang='lat' dir='ltr'>sq.</span> <span class='ocrx_word' id='word_1_212' title='bbox 1452 1862 1483 1889; x_wconf 87' lang='lat' dir='ltr'>et</span> <span class='ocrx_word' id='word_1_213' title='bbox 1506 1858 1539 1888; x_wconf 85' lang='lat' dir='ltr'>in</span> 
     </span>
     <span class='ocr_line' id='line_1_26' title="bbox 203 1901 1537 1943; baseline 0 -10"><span class='ocrx_word' id='word_1_214' title='bbox 203 1904 306 1934; x_wconf 83' lang='lat' dir='ltr'>diurn.</span> <span class='ocrx_word' id='word_1_215' title='bbox 341 1902 522 1932; x_wconf 76' lang='lat' dir='ltr'>Darmstad.</span> <span class='ocrx_word' id='word_1_216' title='bbox 558 1901 642 1931; x_wconf 80' lang='lat' dir='ltr'>liter.</span> <span class='ocrx_word' id='word_1_217' title='bbox 676 1901 772 1932; x_wconf 55' lang='lat'>1³34.</span> <span class='ocrx_word' id='word_1_218' title='bbox 805 1912 834 1942; x_wconf 79' lang='lat' dir='ltr'>p.</span> <span class='ocrx_word' id='word_1_219' title='bbox 860 1902 934 1933; x_wconf 66' lang='lat'>913.</span> <span class='ocrx_word' id='word_1_220' title='bbox 958 1902 1080 1933; x_wconf 81' lang='lat' dir='ltr'>Weich.</span> <span class='ocrx_word' id='word_1_221' title='bbox 1104 1913 1134 1942; x_wconf 85' lang='lat' dir='ltr'>p.</span> <span class='ocrx_word' id='word_1_222' title='bbox 1161 1903 1216 1933; x_wconf 84' lang='lat' dir='ltr'>rel.</span> <span class='ocrx_word' id='word_1_223' title='bbox 1241 1913 1271 1943; x_wconf 85' lang='lat' dir='ltr'>p.</span> <span class='ocrx_word' id='word_1_224' title='bbox 1296 1903 1371 1935; x_wconf 74' lang='lat'>458.</span> <span class='ocrx_word' id='word_1_225' title='bbox 1395 1906 1460 1934; x_wconf 88' lang='lat' dir='ltr'>not.</span> <span class='ocrx_word' id='word_1_226' title='bbox 1485 1902 1537 1934; x_wconf 69' lang='lat'>44.</span> 
     </span>
     <span class='ocr_line' id='line_1_27' title="bbox 205 1946 779 1985; baseline -0.003 -7"><span class='ocrx_word' id='word_1_227' title='bbox 205 1951 237 1978; x_wconf 83' lang='lat' dir='ltr'>et</span> <span class='ocrx_word' id='word_1_228' title='bbox 260 1948 395 1978; x_wconf 62' lang='lat' dir='ltr'>Passov.</span> <span class='ocrx_word' id='word_1_229' title='bbox 420 1950 483 1976; x_wconf 80' lang='lat' dir='ltr'>not.</span> <span class='ocrx_word' id='word_1_230' title='bbox 509 1946 584 1976; x_wconf 80' lang='lat'>200.</span> <span class='ocrx_word' id='word_1_231' title='bbox 609 1957 638 1985; x_wconf 79' lang='lat' dir='ltr'>p.</span> <span class='ocrx_word' id='word_1_232' title='bbox 663 1946 779 1976; x_wconf 62' lang='lat' dir='ltr'>xslx&#39;.</span> 
     </span>
    </p>
   </div>
   <div class='ocr_carea' id='block_1_5' title="bbox 203 2001 1538 2171">
    <p class='ocr_par' dir='ltr' id='par_1_5' title="bbox 203 2001 1538 2171">
     <span class='ocr_line' id='line_1_28' title="bbox 294 2001 1538 2043; baseline -0.001 -10"><span class='ocrx_word' id='word_1_233' title='bbox 294 2004 331 2039; x_wconf 83' lang='grc'>3)</span> <span class='ocrx_word' id='word_1_234' title='bbox 357 2001 406 2031; x_wconf 66' lang='lat' dir='ltr'>Cf.</span> <span class='ocrx_word' id='word_1_235' title='bbox 443 2002 494 2031; x_wconf 82' lang='lat' dir='ltr'>od.</span> <span class='ocrx_word' id='word_1_236' title='bbox 530 2001 560 2035; x_wconf 78' lang='lat'>1,</span> <span class='ocrx_word' id='word_1_237' title='bbox 595 2001 647 2032; x_wconf 80' lang='lat'>32.</span> <span class='ocrx_word' id='word_1_238' title='bbox 673 2002 703 2030; x_wconf 81' lang='grc'>5.</span> <span class='ocrx_word' id='word_1_239' title='bbox 728 2021 771 2023; x_wconf 90' lang='lat'>—</span> <span class='ocrx_word' id='word_1_240' title='bbox 797 2001 826 2037; x_wconf 80' lang='grc'>2,</span> <span class='ocrx_word' id='word_1_241' title='bbox 853 2002 904 2032; x_wconf 79' lang='lat'>13.</span> <span class='ocrx_word' id='word_1_242' title='bbox 930 2003 982 2033; x_wconf 77' lang='lat'>26.</span> <span class='ocrx_word' id='word_1_243' title='bbox 1008 2022 1050 2025; x_wconf 90' lang='lat'>——</span> <span class='ocrx_word' id='word_1_244' title='bbox 1075 2002 1105 2037; x_wconf 72' lang='grc'>4,</span> <span class='ocrx_word' id='word_1_245' title='bbox 1132 2003 1161 2032; x_wconf 76' lang='grc'>9.</span> <span class='ocrx_word' id='word_1_246' title='bbox 1186 2003 1217 2033; x_wconf 79' lang='grc'>7.</span> <span class='ocrx_word' id='word_1_247' title='bbox 1240 2022 1285 2026; x_wconf 89' lang='lat'><strong>—</strong></span> <span class='ocrx_word' id='word_1_248' title='bbox 1310 2004 1406 2043; x_wconf 78' lang='lat' dir='ltr'>epist.</span> <span class='ocrx_word' id='word_1_249' title='bbox 1430 2003 1459 2039; x_wconf 83' lang='lat'>1,</span> <span class='ocrx_word' id='word_1_250' title='bbox 1486 2002 1538 2034; x_wconf 82' lang='lat'>19.</span> 
     </span>
     <span class='ocr_line' id='line_1_29' title="bbox 204 2045 1538 2085; baseline 0.001 -7"><span class='ocrx_word' id='word_1_251' title='bbox 204 2047 257 2079; x_wconf 90' lang='grc'>29.</span> <span class='ocrx_word' id='word_1_252' title='bbox 283 2051 314 2077; x_wconf 79' lang='lat' dir='ltr'>et</span> <span class='ocrx_word' id='word_1_253' title='bbox 339 2047 492 2078; x_wconf 53' lang='lat'>32—2,</span> <span class='ocrx_word' id='word_1_254' title='bbox 518 2046 547 2075; x_wconf 94' lang='grc'>2.</span> <span class='ocrx_word' id='word_1_255' title='bbox 567 2045 618 2075; x_wconf 81' lang='lat'>99.</span> <span class='ocrx_word' id='word_1_256' title='bbox 644 2050 829 2085; x_wconf 64' lang='lat' dir='ltr'>praeterea:</span> <span class='ocrx_word' id='word_1_257' title='bbox 855 2047 905 2076; x_wconf 86' lang='lat' dir='ltr'>od.</span> <span class='ocrx_word' id='word_1_258' title='bbox 930 2047 961 2080; x_wconf 87' lang='grc'>1,</span> <span class='ocrx_word' id='word_1_259' title='bbox 986 2047 1016 2077; x_wconf 86' lang='grc'>1.</span> <span class='ocrx_word' id='word_1_260' title='bbox 1043 2048 1096 2078; x_wconf 69' lang='lat'>34.</span> <span class='ocrx_word' id='word_1_261' title='bbox 1121 2048 1285 2080; x_wconf 71' lang='lat' dir='ltr'>‹Lesbous</span> <span class='ocrx_word' id='word_1_262' title='bbox 1310 2049 1453 2079; x_wconf 80' lang='lat' dir='ltr'>barbitos</span> <span class='ocrx_word' id='word_1_263' title='bbox 1464 2054 1483 2083; x_wconf 62' lang='grc'><strong>1,</strong></span> <span class='ocrx_word' id='word_1_264' title='bbox 1507 2048 1538 2083; x_wconf 76' lang='grc'>1,</span> 
     </span>
     <span class='ocr_line' id='line_1_30' title="bbox 203 2090 1538 2133; baseline 0.001 -10"><span class='ocrx_word' id='word_1_265' title='bbox 203 2093 257 2123; x_wconf 82' lang='grc'>26.</span> <span class='ocrx_word' id='word_1_266' title='bbox 282 2091 334 2122; x_wconf 89' lang='grc'>11.</span> <span class='ocrx_word' id='word_1_267' title='bbox 360 2091 530 2129; x_wconf 69' lang='lat' dir='ltr'>(Lesbium</span> <span class='ocrx_word' id='word_1_268' title='bbox 556 2090 744 2129; x_wconf 70' lang='lat' dir='ltr'>plectrum),</span> <span class='ocrx_word' id='word_1_269' title='bbox 778 2092 814 2123; x_wconf 70' lang='lat'>4.</span> <span class='ocrx_word' id='word_1_270' title='bbox 849 2093 878 2121; x_wconf 74' lang='lat'>6.</span> <span class='ocrx_word' id='word_1_271' title='bbox 904 2092 957 2121; x_wconf 78' lang='lat'>35.</span> <span class='ocrx_word' id='word_1_272' title='bbox 983 2092 1153 2130; x_wconf 58' lang='lat' dir='ltr'>‹Lesbi-,1111</span> <span class='ocrx_word' id='word_1_273' title='bbox 1177 2096 1307 2123; x_wconf 77' lang='lat' dir='ltr'>servate</span> <span class='ocrx_word' id='word_1_274' title='bbox 1331 2093 1481 2133; x_wconf 81' lang='lat' dir='ltr'>pedem).</span> <span class='ocrx_word' id='word_1_275' title='bbox 1507 2093 1538 2129; x_wconf 86' lang='lat'>3,</span> 
     </span>
     <span class='ocr_line' id='line_1_31' title="bbox 204 2134 946 2171; baseline -0.004 -3"><span class='ocrx_word' id='word_1_276' title='bbox 204 2138 258 2169; x_wconf 80' lang='lat'>30.</span> <span class='ocrx_word' id='word_1_277' title='bbox 285 2136 337 2167; x_wconf 82' lang='lat'>13.</span> <span class='ocrx_word' id='word_1_278' title='bbox 362 2139 394 2166; x_wconf 84' lang='lat' dir='ltr'>ct</span> <span class='ocrx_word' id='word_1_279' title='bbox 420 2136 450 2169; x_wconf 69' lang='lat'>4,</span> <span class='ocrx_word' id='word_1_280' title='bbox 477 2136 507 2165; x_wconf 84' lang='lat'>3.</span> <span class='ocrx_word' id='word_1_281' title='bbox 534 2134 585 2165; x_wconf 81' lang='lat'>12.</span> <span class='ocrx_word' id='word_1_282' title='bbox 611 2135 764 2168; x_wconf 76' lang='lat' dir='ltr'>(aeolium</span> <span class='ocrx_word' id='word_1_283' title='bbox 790 2140 946 2171; x_wconf 75' lang='lat' dir='ltr'>carmen).</span> 
     </span>
    </p>
   </div>
   <div class='ocr_carea' id='block_1_6' title="bbox 292 2189 1536 2615">
    <p class='ocr_par' dir='ltr' id='par_1_6' title="bbox 292 2189 948 2229">
     <span class='ocr_line' id='line_1_32' title="bbox 292 2189 948 2229; baseline 0 -9"><span class='ocrx_word' id='word_1_284' title='bbox 292 2191 330 2225; x_wconf 72' lang='lat'>4)</span> <span class='ocrx_word' id='word_1_285' title='bbox 355 2190 405 2220; x_wconf 87' lang='lat' dir='ltr'>od.</span> <span class='ocrx_word' id='word_1_286' title='bbox 431 2191 461 2224; x_wconf 78' lang='grc'>2,</span> <span class='ocrx_word' id='word_1_287' title='bbox 485 2189 539 2221; x_wconf 86' lang='grc'>13.</span> <span class='ocrx_word' id='word_1_288' title='bbox 565 2190 618 2220; x_wconf 83' lang='grc'>25.</span> <span class='ocrx_word' id='word_1_289' title='bbox 644 2190 737 2229; x_wconf 72' lang='lat' dir='ltr'>epist.</span> <span class='ocrx_word' id='word_1_290' title='bbox 764 2190 793 2223; x_wconf 86' lang='grc'>1.</span> <span class='ocrx_word' id='word_1_291' title='bbox 818 2190 870 2220; x_wconf 82' lang='grc'>19.</span> <span class='ocrx_word' id='word_1_292' title='bbox 896 2190 948 2221; x_wconf 69' lang='lat'>28.</span> 
     </span>
    </p>

    <p class='ocr_par' dir='ltr' id='par_1_7' title="bbox 293 2244 846 2285">
     <span class='ocr_line' id='line_1_33' title="bbox 293 2244 846 2285; baseline -0.004 -8"><span class='ocrx_word' id='word_1_293' title='bbox 293 2249 330 2284; x_wconf 81' lang='lat'>5)</span> <span class='ocrx_word' id='word_1_294' title='bbox 356 2246 448 2285; x_wconf 80' lang='lat' dir='ltr'>epod.</span> <span class='ocrx_word' id='word_1_295' title='bbox 474 2244 526 2279; x_wconf 72' lang='lat'>14.</span> <span class='ocrx_word' id='word_1_296' title='bbox 555 2245 604 2276; x_wconf 89' lang='grc'>10.</span> <span class='ocrx_word' id='word_1_297' title='bbox 630 2245 680 2275; x_wconf 81' lang='lat' dir='ltr'>od.</span> <span class='ocrx_word' id='word_1_298' title='bbox 706 2245 736 2279; x_wconf 73' lang='lat'>4,</span> <span class='ocrx_word' id='word_1_299' title='bbox 762 2247 790 2276; x_wconf 88' lang='grc'>9.</span> <span class='ocrx_word' id='word_1_300' title='bbox 817 2245 846 2275; x_wconf 84' lang='grc'>9.</span> 
     </span>
    </p>

    <p class='ocr_par' dir='ltr' id='par_1_8' title="bbox 292 2300 571 2341">
     <span class='ocr_line' id='line_1_34' title="bbox 292 2300 571 2341; baseline -0.011 -8"><span class='ocrx_word' id='word_1_301' title='bbox 292 2303 330 2341; x_wconf 81' lang='grc'>6)</span> <span class='ocrx_word' id='word_1_302' title='bbox 355 2301 406 2331; x_wconf 85' lang='lat' dir='ltr'>od.</span> <span class='ocrx_word' id='word_1_303' title='bbox 431 2300 461 2334; x_wconf 70' lang='lat'>4,</span> <span class='ocrx_word' id='word_1_304' title='bbox 487 2301 516 2331; x_wconf 72' lang='lat'>9.</span> <span class='ocrx_word' id='word_1_305' title='bbox 540 2302 571 2331; x_wconf 61' lang='lat' dir='ltr'>S.</span> 
     </span>
    </p>

    <p class='ocr_par' dir='ltr' id='par_1_9' title="bbox 293 2355 941 2396">
     <span class='ocr_line' id='line_1_35' title="bbox 293 2355 941 2396; baseline -0.003 -9"><span class='ocrx_word' id='word_1_306' title='bbox 293 2357 330 2393; x_wconf 79' lang='lat'>7)</span> <span class='ocrx_word' id='word_1_307' title='bbox 356 2356 405 2386; x_wconf 83' lang='lat' dir='ltr'>od.</span> <span class='ocrx_word' id='word_1_308' title='bbox 431 2356 462 2388; x_wconf 75' lang='lat'>4.</span> <span class='ocrx_word' id='word_1_309' title='bbox 488 2357 517 2387; x_wconf 84' lang='grc'>2.</span> <span class='ocrx_word' id='word_1_310' title='bbox 544 2357 561 2387; x_wconf 90' lang='grc'>1</span> <span class='ocrx_word' id='word_1_311' title='bbox 588 2367 633 2395; x_wconf 80' lang='lat' dir='ltr'>sq.</span> <span class='ocrx_word' id='word_1_312' title='bbox 661 2357 753 2396; x_wconf 69' lang='lat' dir='ltr'>epist.</span> <span class='ocrx_word' id='word_1_313' title='bbox 779 2355 808 2390; x_wconf 81' lang='grc'>1,</span> <span class='ocrx_word' id='word_1_314' title='bbox 835 2357 862 2387; x_wconf 82' lang='grc'>3.</span> <span class='ocrx_word' id='word_1_315' title='bbox 890 2357 941 2387; x_wconf 89' lang='grc'>10.</span> 
     </span>
    </p>

    <p class='ocr_par' dir='ltr' id='par_1_10' title="bbox 294 2411 660 2452">
     <span class='ocr_line' id='line_1_36' title="bbox 294 2411 660 2452; baseline -0.005 -9"><span class='ocrx_word' id='word_1_316' title='bbox 294 2413 331 2452; x_wconf 78' lang='grc'>8)</span> <span class='ocrx_word' id='word_1_317' title='bbox 357 2412 450 2451; x_wconf 78' lang='lat' dir='ltr'>epist.</span> <span class='ocrx_word' id='word_1_318' title='bbox 474 2411 505 2446; x_wconf 83' lang='grc'>2,</span> <span class='ocrx_word' id='word_1_319' title='bbox 530 2413 560 2442; x_wconf 75' lang='grc'>2.</span> <span class='ocrx_word' id='word_1_320' title='bbox 588 2412 660 2442; x_wconf 89' lang='grc'><strong>100.</strong></span> 
     </span>
    </p>

    <p class='ocr_par' dir='ltr' id='par_1_11' title="bbox 295 2466 704 2506">
     <span class='ocr_line' id='line_1_37' title="bbox 295 2466 704 2506; baseline -0.002 -9"><span class='ocrx_word' id='word_1_321' title='bbox 295 2468 332 2500; x_wconf 82' lang='grc'>9)</span> <span class='ocrx_word' id='word_1_322' title='bbox 357 2467 449 2506; x_wconf 67' lang='lat' dir='ltr'>epist.</span> <span class='ocrx_word' id='word_1_323' title='bbox 473 2466 514 2496; x_wconf 81' lang='lat' dir='ltr'>ad</span> <span class='ocrx_word' id='word_1_324' title='bbox 538 2467 604 2496; x_wconf 71' lang='lat' dir='ltr'>Pis.</span> <span class='ocrx_word' id='word_1_325' title='bbox 630 2467 704 2498; x_wconf 75' lang='lat'>402.</span> 
     </span>
    </p>

    <p class='ocr_par' dir='ltr' id='par_1_12' title="bbox 292 2522 871 2562">
     <span class='ocr_line' id='line_1_38' title="bbox 292 2522 871 2562; baseline -0.003 -8"><span class='ocrx_word' id='word_1_326' title='bbox 292 2523 352 2558; x_wconf 80' lang='lat'>10)</span> <span class='ocrx_word' id='word_1_327' title='bbox 380 2523 472 2562; x_wconf 76' lang='lat' dir='ltr'>epist.</span> <span class='ocrx_word' id='word_1_328' title='bbox 497 2522 528 2559; x_wconf 88' lang='lat'>1,</span> <span class='ocrx_word' id='word_1_329' title='bbox 553 2523 582 2553; x_wconf 83' lang='lat'>6.</span> <span class='ocrx_word' id='word_1_330' title='bbox 609 2524 661 2553; x_wconf 71' lang='lat'>65.</span> <span class='ocrx_word' id='word_1_331' title='bbox 687 2523 717 2557; x_wconf 79' lang='lat'>2,</span> <span class='ocrx_word' id='word_1_332' title='bbox 743 2522 772 2552; x_wconf 79' lang='lat'>2.</span> <span class='ocrx_word' id='word_1_333' title='bbox 798 2523 871 2554; x_wconf 88' lang='grc'><strong>101.</strong></span> 
     </span>
    </p>

    <p class='ocr_par' dir='ltr' id='par_1_13' title="bbox 296 2577 1536 2615">
     <span class='ocr_line' id='line_1_39' title="bbox 296 2577 1536 2615; baseline 0.002 -5"><span class='ocrx_word' id='word_1_334' title='bbox 296 2579 353 2613; x_wconf 88' lang='grc'>11)</span> <span class='ocrx_word' id='word_1_335' title='bbox 378 2578 428 2609; x_wconf 85' lang='lat' dir='ltr'>od.</span> <span class='ocrx_word' id='word_1_336' title='bbox 454 2578 491 2614; x_wconf 79' lang='lat'>2,</span> <span class='ocrx_word' id='word_1_337' title='bbox 517 2577 546 2609; x_wconf 91' lang='lat'>1.</span> <span class='ocrx_word' id='word_1_338' title='bbox 572 2578 624 2608; x_wconf 68' lang='lat'>33.</span> <span class='ocrx_word' id='word_1_339' title='bbox 649 2578 737 2608; x_wconf 79' lang='lat' dir='ltr'>Ceae</span> <span class='ocrx_word' id='word_1_340' title='bbox 763 2579 899 2608; x_wconf 78' lang='lat' dir='ltr'>naeniae</span> <span class='ocrx_word' id='word_1_341' title='bbox 923 2588 1063 2610; x_wconf 81' lang='lat' dir='ltr'>munera.</span> <span class='ocrx_word' id='word_1_342' title='bbox 1089 2580 1126 2615; x_wconf 82' lang='lat'>4,</span> <span class='ocrx_word' id='word_1_343' title='bbox 1153 2580 1182 2610; x_wconf 86' lang='grc'>9.</span> <span class='ocrx_word' id='word_1_344' title='bbox 1209 2581 1238 2611; x_wconf 77' lang='lat'>7.</span> <span class='ocrx_word' id='word_1_345' title='bbox 1264 2581 1352 2613; x_wconf 77' lang='lat' dir='ltr'>Ceae</span> <span class='ocrx_word' id='word_1_346' title='bbox 1376 2592 1536 2614; x_wconf 80' lang='lat' dir='ltr'>camenae.</span> 
     </span>
    </p>
   </div>
  </div>
 </body>
</html>
