1643 2959
629 164 910 209 ——239-

218 278 302 324 Sed
332 278 473 321 horum
504 278 739 331 secundum,
770 278 812 320 in
843 291 920 334 quo
950 283 1015 319 est

307 352 459 407 gaudes
474 383 485 403 ,
517 351 674 408 apricos
691 351 696 407 Ι
712 359 829 393 necte
846 350 851 406 Ι
867 351 1005 402 flores,

107 441 131 469 a
160 433 200 468 te
233 425 290 481 [p.
324 424 425 479 165]
458 439 562 466 anno
592 427 672 468 ¹729
711 424 929 479 ascriptum
958 422 1093 465 video.
1128 423 1351 475 concedes,
1398 425 1440 466 ni

106 499 240 550 fallor,
273 498 426 552 aliquot
454 497 569 539 annis
600 497 711 553 prius
732 497 854 539 scribi
874 496 1054 553 potuisse
1089 495 1192 550 ‘quis
1224 495 1296 537 sub
1328 505 1438 538 arcto

105 586 185 614 rex
223 571 381 626 gelidae
430 577 633 611 metuatur
676 584 797 623 orae,
851 569 943 625 quid
992 569 1204 611 Tiridaten
1252 569 1435 611 terreat'.

103 645 214 686 illum
245 644 351 685 enim
382 643 454 685 sub
485 650 597 684 arcto
627 658 766 698 regem
796 644 918 685 credo
949 642 1021 684 tibi
1052 656 1190 684 eorum
1221 656 1313 684 esse
1336 640 1438 699 Scy-

104 718 261 759 tharum
292 731 458 771 quorum
488 716 640 757 auxilio
671 715 849 758 Iustinus
882 714 1045 771 [XLIL
1079 716 1121 767 5,
1154 714 1199 770 5]
1230 714 1438 757 Phraaten

103 791 145 832 in
173 804 341 845 regnum
371 789 602 830 restitutum
633 802 724 830 esse
766 788 928 840 scribit,
976 802 1074 843 quos
1119 787 1314 830 Tanaitas
1360 789 1438 829 alio

102 863 280 904 carmine
323 860 430 916 [III‚
461 860 535 915 29]
580 868 699 915 poeta
740 861 961 915 significat:
1007 861 1077 902 sed
1109 862 1157 902 de
1187 868 1368 917 tempore
1397 868 1437 902 te

100 933 280 976 Iustinus
325 933 505 987 decepit,
553 932 619 984 qui
663 945 751 972 cum
797 933 965 973 deberet
1010 933 1143 973 dicere
1186 948 1274 974 cum
1304 932 1437 975 Dione

103 1004 209 1059 [LI‚
241 1003 314 1058 18]
356 1003 398 1044 in
436 1001 577 1044 Asiam
618 1002 667 1042 ad
700 1000 921 1044 Caesarem
952 1004 1179 1058 profugisse
1208 1004 1436 1058 Tiridaten,

101 1090 296 1132 perverse
330 1075 387 1116 ‘in
417 1073 615 1129 Hispania
644 1074 791 1116 bellum
822 1076 933 1118 tunc
963 1076 1184 1131 temporis
1214 1079 1438 1132 gerentem'

101 1148 333 1200 somniavit,
366 1148 470 1202 quod
499 1147 663 1189 videbat
692 1147 873 1203 Trogum
903 1148 1125 1191 subiecisse
1159 1149 1200 1204 [ἓ
1232 1150 1303 1205 10]
1337 1166 1437 1206 quae

102 1221 339 1277 ‘posthaec
379 1220 490 1261 finito
528 1219 792 1276 Hispaniensi
831 1220 951 1262 bello'
989 1230 1106 1277 gesta
1147 1230 1299 1265 essent.
1345 1225 1436 1279 quid

100 1295 205 1349 quod
233 1294 275 1334 in
306 1294 447 1334 eodem
486 1294 662 1335 carmine
703 1293 804 1335 alius
843 1308 990 1336 versus
1030 1295 1138 1337 inest
1175 1309 1313 1351 parum
1343 1312 1437 1339 con-

100 1366 218 1408 cinne
248 1366 509 1422 compositus,

300 1439 404 1480 hunc
433 1438 587 1480 Lesbio
603 1438 610 1494 Ι
627 1453 790 1481 sacrare
809 1441 813 1495 Ι
830 1441 1000 1495 plectro,

101 1512 164 1553 cui
195 1512 345 1553 nullum
385 1512 505 1553 alium
545 1512 715 1554 similem
759 1513 966 1568 reperias.
1015 1514 1080 1569 qui
1125 1514 1242 1556 hodie
1287 1515 1434 1557 Latine

100 1592 316 1639 poetantur
329 1616 340 1635 ,
372 1584 414 1624 in
435 1592 522 1626 arte
543 1586 601 1626 illi
617 1586 735 1626 valde
754 1586 968 1629 dissimiles
988 1585 1119 1629 Statio
1139 1587 1250 1643 [silv.
1270 1587 1348 1641 IV,
1368 1590 1433 1644 5]‚

101 1663 255 1698 tantum
281 1657 397 1698 abest
421 1664 465 1698 ut
485 1657 582 1698 talia
611 1658 766 1711 vitent,
800 1667 845 1701 ut
872 1674 953 1700 non
984 1660 1226 1702 erubescant
1255 1662 1433 1703 scribere

301 1729 393 1783 quid
425 1730 596 1771 debeant
614 1731 618 1785 Ι
636 1731 719 1772 seri
736 1732 740 1787 Ι
758 1739 941 1788 nepotes.

99 1808 141 1842 at
170 1801 286 1842 cultis
317 1800 480 1843 Horatii
510 1803 671 1845 auribus
712 1804 754 1845 in
785 1813 927 1858 quarta
966 1805 1082 1847 huius
1121 1806 1313 1848 versiculi
1353 1809 1433 1864 syl-

98 1873 189 1914 laba
220 1873 409 1916 desinens
439 1876 678 1917 vocabulum
708 1891 789 1917 non
821 1877 920 1918 satis
951 1878 1139 1931 faciebat,
1172 1879 1249 1920 nisi
1279 1880 1319 1922 id
1348 1896 1432 1922 mo-

97 1946 337 2002 ]osyllabon
369 1955 494 1999 esset,
529 1948 603 1989 hoc
633 1949 767 2001 modo,

296 2020 516 2074 vernisque
532 2020 537 2074 Ι
555 2020 634 2061 iam
651 2020 655 2075 Ι
671 2021 814 2063 nimbis
832 2021 837 2077 Ι
852 2022 1034 2064 remotis.

296 2106 390 2146 spes
421 2093 549 2134 omnis
566 2094 571 2149 Ι
588 2101 629 2134 et
643 2099 649 2149 Ι
665 2095 826 2136 fortuna
842 2094 847 2149 Ι
862 2096 1006 2137 nostri.

96 2163 332 2205 vocabulum
364 2165 522 2220 longius
554 2174 718 2221 praeter
768 2168 887 2209 ‘hunc
917 2167 1086 2210 Lesbio’
1135 2169 1272 2210 inveni
1302 2169 1427 2212 semel

96 2233 165 2274 illa
194 2236 349 2290 syllaba
378 2237 556 2289 finitum,
599 2241 670 2280 sed
699 2240 1175 2296 lenioredcompositione
1207 2251 1247 2284 et
1275 2244 1316 2284 in
1346 2258 1426 2285 uno

97 2319 151 2348 ex
179 2306 259 2349 illis
289 2321 452 2360 novem,
484 2324 585 2363 quae
616 2312 717 2363 dixi,
750 2313 1008 2365 carminibus,
1043 2312 1120 2368 [II‚
1151 2314 1197 2370 3]

296 2411 386 2438 sors
418 2397 600 2446 exitura!
619 2406 659 2440 et
675 2400 679 2450 Ι
694 2414 767 2442 nos
785 2401 789 2455 Ι
806 2401 848 2442 in
878 2410 1087 2445 aeternum

295 2469 461 2511 exilium
489 2471 714 2528 inpositura
743 2474 923 2529 cymbae.

207 2540 320 2583 Haec
364 2543 486 2597 igitur
527 2558 549 2585 a
587 2559 650 2587 me
696 2546 788 2588 olim
832 2547 1027 2590 levandae
1076 2546 1420 2590 immodulatorum

1174 2613 1221 2650 16
