1643 2959
727 190 1004 242 -103—

205 309 397 357 getadelte
426 308 770 347 Grammaticorum
797 309 914 356 equit.
943 309 1067 358 doct.‚
1095 309 1164 346 der
1189 312 1330 356 gewiss
1357 312 1427 349 mit
1454 312 1527 349 sei-

201 381 273 408 ner
297 370 758 420 Junkergelehrsamkeit‚
786 370 914 406 dieser
926 370 1101 407 miihsam
1124 371 1206 407 ihm
1221 373 1526 422 eingebl'eiueten,

203 433 245 469 in
270 433 368 470 Rom
393 432 471 468 viel
496 443 543 468 zu
569 431 706 468 lachen
731 431 827 481 gab,
863 432 924 468 fiir
951 432 1049 469 Geld
1073 431 1153 468 und
1178 434 1269 478 gute
1293 433 1426 470 Worte
1452 445 1529 470 von

203 494 279 530 den
304 492 602 530 Buchhzindlern
628 492 823 543 erhalten,
859 493 949 530 dass
975 494 1017 530 in
1044 505 1086 530 so
1120 493 1249 530 vielen
1282 493 1529 531 Abschrifteu

201 555 258 591 als
284 553 450 600 miiglich
477 553 546 590 der
570 554 724 600 Anfang
758 554 887 591 dieser
913 555 1037 591 Satire
1071 554 1275 601 wegblieb.
1328 555 1531 592 Vielleicht

200 615 300 652 auch
325 615 417 651 liess
443 616 569 652 Horaz
597 616 719 653 selbst
745 615 828 652 sich
855 616 1048 666 erflehen,
1084 616 1161 653 den
1193 616 1371 663 Eingang
1396 627 1443 653 zu
1469 617 1530 653 til-

199 686 288 725 gen,
317 676 372 712 als
400 676 521 714 sehon
546 677 722 714 mehrere
749 677 1000 714 Abschriften
1024 677 1199 715 bekannt
1231 689 1374 714 waren.
1401 698 1452 705 —
1479 678 1533 716 Uc

198 740 364 775 redeam
389 740 498 776 illuc.
550 738 661 788 „Auf
683 738 766 774 sein
791 739 942 785 voriges
968 739 1119 777 Urtheil
1146 750 1222 776 von
1249 739 1433 788 Lucilius,
1461 738 1530 775 das

198 810 289 836 man
313 800 395 836 ihm
422 799 639 837 iibelnahm.
668 800 745 836 Sat.
774 801 836 836 47⁹
887 801 1027 838 Immo:
1062 803 1106 836 ut
1141 812 1187 837 eo
1213 800 1392 849 redeam,
1427 799 1530 836 unde

199 872 360 898 exorsus
388 872 506 911 eram,
533 861 570 897 h.
600 872 633 897 e.
661 863 704 896 ut
729 861 904 911 probem,
931 873 1023 899 vere
1050 861 1278 898 mendosum
1304 872 1390 898 esse
1417 861 1530 897 Luci-

197 922 293 958 lium
317 941 368 951 --
393 932 473 958 non
499 923 603 958 enim
627 933 727 968 nego
753 934 815 958 me
843 923 988 959 dixisse
1024 923 1279 970 incomposito
1313 922 1413 970 pede
1447 921 1530 966 ejus

198 995 334 1020 versus
378 995 531 1020 currere
565 1005 617 1011 —
651 983 754 1031 quod
797 983 922 1030 quivis
965 984 1076 1020 facile
1116 983 1352 1020 concesserit
1376 1004 1427 1010 —
1459 993 1531 1018 nec

198 1055 298 1091 quae
323 1044 518 1080 laudanda
546 1046 636 1080 sunt
662 1044 837 1081 consulto
864 1044 989 1081 omisi.
1017 1045 1071 1081 At
1096 1045 1138 1081 id
1164 1046 1341 1092 apparet,
1368 1054 1429 1079 me
1454 1053 1532 1079 non

197 1105 320 1152 magis
348 1105 503 1141 Laberii
529 1105 667 1141 mimos
694 1116 809 1153 quam
835 1105 936 1142 illius
964 1107 1144 1153 poemata
1178 1105 1311 1142 mirari
1338 1115 1465 1152 posse.

300 1168 505 1205 Caeterum
539 1166 586 1202 de
622 1168 749 1203 aetate
785 1167 926 1203 satirae
952 1167 1031 1204 VV.
1059 1168 1146 1204 DD.
1174 1167 1315 1202 mirum
1348 1167 1533 1213 quantum

197 1228 300 1265 inter
335 1239 377 1265 se
413 1228 645 1275 discrepant.
706 1228 860 1264 Mecum
903 1228 1016 1276 plane
1051 1228 1197 1264 faciunt
1233 1227 1456 1263 Grotefend.
1494 1238 1529 1274 p.

198 1289 283 1326 462.
312 1300 347 1326 a.
376 1291 416 1326 et
442 1289 599 1326 Passov.
627 1291 707 1325 not.
738 1289 824 1325 166.
852 1301 889 1337 p.
918 1289 1040 1328 LXII.
1067 1310 1118 1316 —
1143 1288 1314 1324 Masson.
1342 1288 1409 1324 vit.
1437 1289 1529 1329 Hor,

196 1363 235 1399 p.
266 1351 338 1387 156
366 1362 421 1398 sq.
452 1361 537 1387 eam
564 1350 772 1398 adscripsit
799 1362 833 1386 a.
863 1350 947 1386 724.
975 1350 1144 1399 labenti3
1181 1349 1373 1397 Spohnius
1408 1349 1533 1384 mensi

199 1412 357 1449 Octobr.
394 1423 429 1448 a.
458 1411 542 1447 723.
573 1407 708 1461 (Jahn.
746 1411 836 1447 edit.
873 1423 911 1459 p.
948 1409 1079 1462 261.)‚
1115 1411 1285 1458 itemque
1321 1408 1530 1447 Weichert.

198 1476 302 1521 poet.
330 1474 398 1510 rel.
427 1485 463 1521 p.
492 1472 578 1509 203.
616 1472 701 1508 278.
740 1473 848 1521 303.;
893 1471 940 1507 de
975 1473 1064 1509 Var.
1100 1474 1139 1508 et
1174 1473 1279 1509 Cass.
1317 1483 1354 1519 p.
1382 1472 1442 1507 49.
1470 1471 1529 1506 57.

198 1535 284 1572 219.
313 1535 398 1571 233.
427 1534 537 1584 266.;
572 1533 763 1570 Wieland.
793 1536 833 1570 et
859 1533 1058 1570 Heindorf.
1087 1543 1125 1580 p.
1153 1532 1238 1568 216.
1266 1532 1316 1568 ad
1343 1543 1377 1568 v.
1406 1531 1466 1568 38.
1496 1543 1529 1568 a.

198 1597 308 1645 717.;
343 1596 500 1632 Kirchn.
537 1597 684 1643 quaest.
723 1606 760 1642 p.
799 1595 856 1630 13.
893 1596 933 1629 et
969 1593 1027 1629 16.
1056 1604 1090 1629 a.
1119 1593 1228 1642 723.‚
1264 1593 1531 1629 consentiente

199 1657 369 1694 Obbario
396 1657 438 1692 in
464 1655 625 1693 Secbod.
653 1656 764 1693 Jahn.
803 1657 842 1690 et
878 1654 999 1691 Klotz.
1037 1655 1163 1691 annal.
1191 1665 1278 1691 ann.
1310 1654 1417 1690 1836.
1454 1654 1528 1691 vol.

201 1718 259 1755 16.
288 1720 378 1756 fasc.
409 1718 442 1756 1.
471 1729 507 1765 p.
538 1717 596 1754 47.
