1659 2948
215 348 339 385 lorum
364 349 533 387 civilium
558 350 758 386 historiam
784 353 988 387 contexere
1006 350 1256 389 exordiretur.
1308 353 1420 392 Nunc
1445 365 1531 391 cum

215 410 404 456 Georgica
429 423 529 448 anno
556 411 708 447 demum
732 422 770 448 u.
798 423 826 447 c.
857 411 940 446 724.
967 410 1030 446 vel
1054 411 1165 448 initio
1199 415 1393 460 sequentis
1419 414 1530 453 abso-

211 471 293 508 luta
319 473 419 522 sint,
453 483 611 509 necesse
647 475 705 507 est
738 473 805 507 aut
829 471 1021 510 Bucolica
1045 473 1133 509 sola
1166 473 1356 520 prodiisse
1382 478 1529 513 statuas

212 544 258 570 eo
292 535 466 581 tempore
498 544 575 580 quo
610 532 791 569 Horatius
823 535 971 582 „molle
1005 538 1124 582 atque
1153 532 1332 579 facetum
1368 536 1530 584 Viryilio

215 595 415 632 Camenas
439 605 538 631 rure
561 597 784 642 yaadentes
821 597 1042 632 annuisse*
1077 595 1232 643 scripsit
1257 591 1334 648 (ita
1359 596 1527 634 Masson.

208 656 275 691 vit,
310 666 347 702 p.
386 652 522 705 158),
565 657 631 692 aut
665 655 760 692 haec
800 657 839 692 et
875 656 1098 704 Georyz'con
1140 659 1321 705 aliquam
1359 662 1527 703 partem.

206 716 343 752 Utrum
368 717 498 752 verius
526 717 598 766 sit,
626 717 736 753 facile
764 717 1010 768 dijudicabit,
1046 718 1112 766 qui
1145 729 1295 754 mecum
1327 717 1530 756 Horatium

205 778 247 814 in
280 777 405 825 prima
446 778 564 814 satira
596 778 849 824 Virgilianum
885 780 1011 816 locum
1053 781 1141 815 ante
1181 779 1310 815 oculos
1348 778 1530 815 habuisse

205 838 493 875 existimaverit.
546 840 645 876 Nam
677 842 721 876 ut
755 841 796 876 in
828 841 952 889 prima
985 841 1099 877 finem
1132 840 1222 878 libri
1246 840 1276 876 Ι.
1313 839 1530 885 Georgicon

203 899 446 946 aliquatenus
481 901 690 950 expressit,
726 901 781 937 ita
815 902 856 937 in
890 903 1041 950 epilogo
1074 902 1183 951 libri,
1226 901 1316 938 dum
1349 900 1529 941 blandam

202 961 441 1008 poeticorum
478 962 630 1008 Virgilii
672 963 884 999 studiorum
921 964 1157 999 mentionem
1194 962 1306 1011 facit,
1349 961 1528 998 Bucolica

202 1024 242 1058 et
270 1023 303 1059 l.
333 1023 551 1069 Georgicon
574 1024 774 1072 volumen,
811 1023 913 1071 quod
940 1024 1062 1060 solum
1089 1023 1305 1071 prodierat,
1340 1023 1524 1070 respexit.

201 1083 330 1119 Solum
363 1086 492 1120 autem
528 1085 561 1121 1.
598 1085 815 1131 Georgicon
856 1086 1035 1121 volumen
1075 1084 1219 1132 publici
1252 1083 1351 1129 J'uris
1384 1084 1527 1119 factum

199 1144 318 1180 fuisse
345 1146 427 1181 tum
454 1156 540 1182 cum
566 1146 671 1193 prior
689 1146 914 1182 Sermonum
929 1147 1027 1183 liber
1040 1145 1312 1193 evulgabatur,
1340 1156 1386 1180 eo
1402 1144 1526 1190 magis

200 1205 369 1242 adducor
385 1209 428 1242 ut
455 1207 620 1256 credam,
649 1218 724 1255 quo
751 1208 1010 1255 probabiliore
1025 1207 1121 1243 mihi
1146 1206 1280 1243 videor
1307 1205 1526 1252 conjectura

197 1267 465 1316 perspexisse,
505 1268 722 1314 Georgicon
762 1270 943 1305 volumen
968 1269 1016 1305 H.
1059 1270 1148 1316 post
1186 1267 1332 1304 editum
1370 1267 1525 1303 demum

194 1327 335 1364 librum
362 1329 586 1364 Sermonum
611 1329 640 1365 Ι.
668 1329 904 1377 publicatum
931 1341 1028 1367 esse.

296 1390 609 1437 Quotiescunque
638 1391 740 1426 enim
757 1392 1051 1439 pulcherrimam
1077 1389 1271 1426 felicitatis
1299 1387 1523 1434 descriptio-

193 1460 284 1487 nem
315 1451 419 1487 vitae
453 1452 619 1488 rusticae
655 1452 695 1487 in
721 1453 825 1498 Virg.
862 1454 1000 1497 Georg.
1028 1451 1113 1487 libr.
1140 1451 1189 1485 Π.
1216 1462 1253 1485 v.
1281 1448 1353 1484 458
1380 1458 1436 1495 sq.
1462 1458 1523 1483 re-

192 1511 298 1557 lego,
334 1513 428 1547 mihi
455 1514 670 1560 temperare
696 1524 775 1549 non
808 1523 966 1560 possum
1000 1512 1092 1558 quin
1116 1510 1276 1556 Virgilio
1302 1509 1344 1545 in
1369 1519 1522 1556 compo-

193 1572 333 1608 sitione
369 1575 408 1608 et
441 1573 556 1620 primi
588 1585 722 1609 versus
759 1576 797 1609 et
830 1574 948 1609 totius
982 1572 1059 1608 loci
1085 1571 1242 1607 satiram
1266 1569 1418 1606 Horatii
1442 1569 1520 1617 pri-

191 1643 295 1669 mam
320 1633 564 1669 obversatam
591 1645 676 1670 esse
702 1636 845 1681 putem.
898 1634 944 1669 In
978 1644 1054 1679 qua
1079 1643 1165 1668 cum
1192 1633 1417 1680 quaeratur,
1453 1629 1519 1677 qui

191 1694 278 1743 fiat,
305 1696 350 1730 ut
374 1705 488 1730 nemo
516 1697 618 1730 sorte
637 1706 706 1731 sua
724 1697 925 1732 contentus
948 1694 1073 1743 vivat,
1101 1693 1361 1741 probeturque
1389 1702 1518 1728 exem-

190 1755 287 1804 plis,
322 1756 528 1804 plerosque
555 1767 707 1806 omnes,
743 1756 924 1804 militem,
964 1758 1236 1803 mercatorem,
1267 1753 1517 1799 jurisconsul-

191 1818 294 1866 tum,
330 1817 536 1862 agricolam
568 1817 725 1853 laudare
760 1818 921 1853 aliorum
955 1817 1152 1853 hominum
1184 1817 1396 1852 fortunam:
1431 1813 1517 1861 quis

190 1887 260 1924 pro
287 1877 425 1914 intima
451 1878 650 1925 utriusque
677 1880 814 1925 poetae
841 1878 1100 1914 familiaritate
1128 1879 1167 1913 et
1182 1887 1252 1924 pro
1271 1875 1412 1924 studio,
1439 1885 1515 1922 quo

189 1938 372 1984 Virgilius
399 1939 502 1974 haud
528 1939 643 1975 dubie
669 1940 821 1976 Horatii
848 1940 990 1987 scripta
1022 1939 1137 1988 legit,
1173 1937 1221 1974 ab
1248 1937 1352 1973 omni
1377 1935 1515 1984 proba-

190 1999 339 2036 bilitate
378 1999 559 2036 recedere
599 2000 720 2050 dicat,
762 2001 796 2036 si
835 2000 1036 2049 statueris,
1076 2001 1329 2036 Mantuanum
1361 1999 1515 2045 poetam

189 2061 292 2097 vitae
318 2061 485 2097 rusticae
513 2061 741 2098 suavitatem
767 2064 806 2098 et
835 2063 1091 2098 emolumenta
1109 2060 1389 2107 descripturum
1413 2058 1513 2095 bene

190 2132 398 2159 memorem
422 2122 541 2158 fuisse
569 2124 808 2170 querelarum
833 2123 1034 2160 Horatiani
1059 2122 1171 2158 istius
1202 2120 1412 2168 agricolae,

387 2203 439 2212 ·—
464 2186 569 2221 datis
594 2186 765 2222 vadibus
788 2187 859 2233 qm·
882 2195 979 2221 rure
1004 2187 1211 2221 eoetraccus
1236 2183 1279 2218 in
1304 2181 1446 2218 urbem

388 2246 502 2282 Solos
525 2243 662 2291 felices
688 2249 862 2283 rit-entes
888 2248 1037 2282 clamat
1061 2248 1103 2282 in
1128 2246 1245 2290 urbe,

191 2307 230 2341 et
254 2308 336 2342 tum
360 2307 619 2354 ponderosum
644 2307 797 2343 initium
825 2319 955 2343 versus
983 2307 1088 2343 458.:

378 2368 445 2417 „0
468 2366 702 2414 fortunatos
726 2371 917 2417 nimium,
943 2380 1023 2405 sua
1047 2371 1082 2405 si
1108 2368 1213 2405 bona
1238 2370 1385 2418 norint,

383 2428 634 2476 Agricolas-i>

189 2487 238 2524 ad
271 2488 366 2525 illud
398 2491 569 2527 Horatii:
606 2491 671 2540 „0
701 2488 899 2537 fortunali
931 2489 1199 2528 mercatores>
1232 2489 1506 2539 composuisse,

189 2551 270 2585 tum
294 2551 423 2588 verbis
442 2563 552 2602 „sua
577 2555 613 2589 εἰ
638 2553 745 2590 bona
769 2553 929 2590 noritis>
961 2554 1081 2588 totam
1115 2551 1364 2600 sententiam,
1391 2562 1505 2599 quam

188 2611 370 2648 Horatius
409 2613 530 2651 fusius
568 2613 608 2650 in
648 2614 765 2651 satira
805 2614 926 2661 prima
964 2613 1161 2661 tractavit,
1199 2612 1240 2649 in
1273 2613 1378 2650 recta
1412 2623 1503 2649 suae
