1643 2959
646 185 923 228 —101—

113 294 190 331 alia
215 294 352 333 habet:
407 295 485 344 „So
511 294 618 332 kann
644 297 743 333 auch
778 297 841 333 die
877 299 1163 346 gegenwartige
1196 307 1448 349 soyenannle

114 355 238 392 Satire
264 355 374 393 nicht
406 368 476 393 vor
515 356 603 394 dem
636 358 754 395 Jahre
789 358 885 409 717,
926 360 1021 397 aber
1059 361 1158 398 auch
1198 361 1306 398 nicht
1344 363 1447 400 wohl

112 418 244 465 sp'ater
269 419 484 464 ausgesetzt
512 419 607 455 sein.
661 419 758 456 Sehr
782 421 1106 459 wahrseheinlich
1128 420 1253 472 folyte
1277 425 1337 462 sie
1361 436 1447 462 un-

110 480 309 516 mitcelbar
333 481 405 516 auf
426 479 494 516 das
521 479 803 517 brundusische
829 482 1139 528 Reisejournal.“
1165 506 1216 513 -—
1244 485 1447 523 Caeterum

112 540 160 576 de
187 540 302 578 Tillio
338 536 396 593 (v.
424 541 485 577 24.
523 543 563 578 et
599 540 707 595 106.)
749 543 795 579 cf.
835 544 985 581 Weich.
1029 545 1076 582 de
1111 547 1155 583 V.
1193 548 1233 583 et
1264 547 1369 584 Cass.
1407 558 1444 596 p.

111 601 186 638 330
214 612 270 651 sq.

211 726 469 764 SATIRA
503 727 607 763 vn.
651 728 904 777 „Proscripti
928 727 1068 779 reyz's“
1095 730 1162 767 diu
1199 734 1260 768 est
1295 743 1344 769 ex
1370 743 1447 781 quo

110 799 179 825 ver
205 799 356 825 sacrum
382 790 522 836 poetae
548 787 725 824 habetur.
779 790 1001 839 Rodellius,
1028 792 1240 841 Dacerius,
1267 793 1447 830 Valartus

109 849 251 897 aliique
286 860 372 885 eam
407 859 508 886 anno
541 860 578 885 u.
616 860 646 885 c.
676 850 762 887 712.
790 851 1059 901 assignarunt,
1100 853 1270 890 Masson.
1311 854 1380 890 vit.
1408 866 1444 902 p.

108 911 155 947 47
165 910 284 947 —50.
315 912 354 946 et
380 921 467 958 pag.
496 910 557 947 69.
585 921 620 946 a.
649 911 759 961 713.‚
797 911 859 948 cui
886 915 1043 960 praeter
1075 913 1342 950 Heindorfium
1377 915 1446 951 ali-

107 973 253 1021 quanto
280 972 493 1009 cautiorem
520 969 576 1023 (p.
608 968 717 1024 164.)
744 972 1031 1022 adstipulantur
1057 985 1205 1025 omnes,
1235 976 1353 1012 etiam
1379 987 1446 1012 an-

107 1033 252 1069 tistites
286 1033 525 1070 Horatianae
548 1033 811 1084 χρονολογιάς
845 1037 884 1071 61
919 1035 1185 1082 antesignani,
1233 1037 1446 1074 WVeichert.

108 1094 156 1131 de
182 1096 272 1132 Var.
301 1097 341 1134 et
368 1096 474 1132 Cass.
502 1106 540 1142 p.
569 1096 629 1131 40.
658 1098 761 1144 poet.
790 1096 857 1132 rel.
886 1109 924 1144 p.
944 1097 1029 1133 300.
1050 1097 1151 1146 453„
1178 1098 1336 1134 Passov.
1364 1100 1444 1134 not.

107 1156 191 1192 166.
220 1166 258 1204 p.
286 1155 405 1206 LXL,
434 1156 660 1193 Grotefend.
689 1168 776 1204 pag.
807 1158 892 1194 459.
907 1158 944 1194 b.
975 1160 1015 1194 et
1040 1158 1198 1195 Kirchn.
1228 1160 1377 1206 quaest.
1406 1169 1444 1207 p.

107 1217 166 1254 16.
194 1215 232 1268 ξ.
260 1217 320 1254 342
348 1238 399 1246 -
425 1217 482 1253 ita
515 1220 558 1253 111
584 1218 777 1254 unanimis
811 1219 908 1256 haec
943 1221 1002 1256 tot
1036 1221 1308 1267 tantorumque
1342 1219 1446 1256 viro-

104 1290 192 1316 rum
216 1289 295 1315 vox
322 1280 361 1314 et
388 1289 599 1315 consensus
625 1289 807 1326 magnum
841 1291 957 1316 verae
993 1280 1294 1328 computationis
1330 1279 1446 1317 docu-

105 1342 278 1377 mentum
304 1339 484 1376 videatur
519 1351 616 1377 esse.
670 1341 724 1377 At
749 1352 844 1377 vero
879 1343 946 1378 aut
980 1353 1043 1378 res
1079 1342 1349 1390 apertissimae
1384 1352 1446 1378 me

104 1402 254 1452 fallunt,
283 1402 351 1438 3111
375 1401 492 1437 11111113
518 1402 576 1438 1111
603 1402 750 1440 creduli
776 1403 953 1439 Massoni
980 1403 1243 1450 conjecturam
1271 1414 1445 1451 compro-

104 1463 258 1499 barunt.
311 1461 482 1499 Primum
508 1463 694 1510 temporis
722 1463 955 1500 adminicula
988 1465 1104 1512 plane
1141 1465 1293 1502 desunt.
1345 1465 1447 1502 Nam

105 1523 210 1572 quod
236 1534 336 1571 quae
373 1522 645 1560 describuntur
676 1524 802 1561 Persii
829 1527 868 1561 et
893 1525 1041 1574 Rupilii
1074 1526 1192 1573 Regis
1226 1526 1314 1562 lites
1341 1525 1383 1562 in
1409 1537 1443 1562 a.

104 1586 190 1623 711.
218 1585 282 1622 vel
308 1582 394 1620 712.
422 1583 617 1634 incidunt,
644 1584 687 1620 id
703 1595 949 1634 nequaquam
983 1587 1124 1635 probat
1150 1587 1309 1623 satiram
1334 1586 1446 1623 brevi

104 1649 196 1696 post
223 1646 407 1694 scriptam
433 1656 532 1682 esse.
585 1645 744 1682 Poterat
777 1650 868 1695 post
896 1648 1127 1685 decennium
1154 1650 1194 1684 et
1219 1648 1350 1696 plures
1377 1658 1444 1684 an-

104 1720 176 1746 nos
205 1707 342 1757 scribi,
369 1717 442 1743 nec
468 1707 719 1744 metuendum
747 1711 830 1745 erat
855 1711 997 1757 poetae
1023 1720 1073 1746 ne
1100 1711 1180 1746 tam
1206 1711 1332 1746 faceta
1358 1719 1445 1756 per-

105 1769 291 1807 ridiculae
325 1768 384 1804 rei
419 1768 572 1816 pictura
605 1769 733 1805 minus
769 1770 980 1807 delectaret
1021 1772 1199 1808 lectores.
1259 1770 1445 1818 Alioquin

106 1842 155 1868 ne
180 1841 252 1868 nos
280 1829 436 1878 quidem
464 1829 755 1867 delectaremur.
799 1831 953 1868 Deinde
980 1842 1074 1868 vero
1100 1831 1353 1868 vehementer
1378 1842 1443 1867 ve-

105 1903 194 1929 reor
218 1902 269 1927 ne
294 1893 441 1927 temere
467 1890 588 1927 verba
608 1890 777 1940 jaciant,
813 1892 880 1938 qui
914 1892 956 1928 in
990 1892 1110 1929 satira
1142 1891 1354 1929 rudimenti
1377 1903 1444 1928 ve-

107 1953 223 1999 stigia
249 1950 542 1999 deprehendere
570 1951 647 1988 sibi
673 1951 856 1988 videntur
891 1955 930 1989 et
964 1953 1111 1990 idcirco
1146 1953 1330 2001 primitiis
1357 1962 1443 1990 eam

107 2012 438 2051 annumerandam
472 2023 559 2049 esse
595 2015 767 2049 censent.
820 2014 921 2051 Nam
966 2014 1000 2051 si
1043 2013 1138 2062 quid
1178 2013 1293 2050 video
1332 2013 1442 2063 haec,

106 2075 282 2125 quamvis
308 2075 480 2112 omnium
505 2074 750 2123 brevissima,
778 2085 848 2111 suo
875 2075 916 2111 in
942 2085 1084 2122 genere
1110 2075 1444 2124 praestantissima

106 2139 188 2188 est,
224 2136 368 2185 quippe
403 2147 502 2184 quae
530 2137 569 2172 et
595 2136 886 2184 compositionis
912 2137 1106 2184 elegantia
1140 2140 1180 2174 et
1215 2136 1443 2174 elocutionis

108 2198 299 2236 suavitate
327 2200 367 2234 et
391 2200 509 2235 vivae
536 2199 706 2235 actionis
730 2199 952 2236 luminibus
984 2198 1042 2235 ita
1076 2198 1253 2248 excellit,
1288 2209 1375 2235 eam
1400 2200 1444 2234 ut

108 2260 288 2309 cuiquam
314 2259 381 2296 alii
408 2259 546 2296 cedere
573 2259 791 2306 praefracte
817 2270 968 2310 negem,
997 2259 1092 2308 quin
1118 2259 1236 2296 etiam
1251 2259 1443 2307 potiorem

110 2320 234 2358 dicam
256 2322 403 2369 prima.
455 2320 516 2356 Ita
554 2320 729 2357 Massoni
767 2321 1028 2367 conjecturam
1064 2321 1171 2357 nulla
1209 2320 1365 2357 omnino
1398 2330 1442 2355 rc

110 2382 324 2419 confirmari
349 2381 472 2418 vides.
523 2379 806 2429 persequamur
841 2393 940 2430 quae
975 2383 1012 2418 ei
1046 2382 1311 2419 adversentur.
1364 2380 1441 2417 Ne-

112 2442 252 2480 minem
277 2443 389 2480 facile
417 2441 557 2480 callida
584 2443 773 2490 quaedam
799 2443 925 2480 ironia
952 2443 1013 2480 vel
1040 2443 1171 2492 potius
1197 2442 1357 2491 apathia
1382 2442 1438 2478 fu-

113 2503 223 2559 gerit?
248 2514 325 2552 qua
351 2507 467 2553 poeta
493 2503 611 2543 Bruti
636 2504 872 2542 mentionem
899 2504 991 2541 fecit
1018 2504 1058 2542 in
1084 2517 1141 2542 vs.
1170 2504 1217 2542 23
1246 2513 1324 2551 sq.:
