1643 2959
721 199 994 241 ,102ψ

457 329 507 338 -
531 329 581 337 -
606 308 752 344 laudat
776 307 949 345 Brutum
974 309 1195 355 laudatque
1219 310 1438 352 cohortem5

389 372 520 409 Solem
544 368 667 405 Asiae
691 368 866 406 Brutum
893 370 1080 418 appellat,
1104 369 1320 417 stellasque
1335 369 1512 408 salubris

388 431 575 480 Appellat
598 430 770 479 comites,
797 435 963 477 cuz-cepto
987 430 1095 479 Reye
1119 449 1169 457 —-—

192 496 233 531 et
257 503 312 530 vs.
339 492 387 529 33
414 503 471 540 sq.

454 573 505 582 —-
529 574 581 580 -—
605 553 685 591 Per
709 562 892 602 maynos,
917 553 1055 602 Brute,
1082 553 1190 590 Deos
1213 556 1252 590 ce

388 614 491 666 Oro,
517 617 587 664 qui
612 625 726 663 reyes
751 615 959 652 consueris
983 615 1139 663 tollere,
1166 624 1240 650 cur
1265 623 1350 650 non

389 676 511 714 Hanc
534 686 670 725 reyem
701 670 903 724 jaqulas?
941 686 1107 723 operum
1132 675 1230 725 hoc,
1266 674 1364 711 milli
1388 675 1515 724 crede,

795 741 958 774 tuorum
983 740 1051 774 est.

190 797 349 846 Frigida
375 801 505 836 autem
531 798 627 835 haec
653 797 772 834 animi
806 798 959 834 affectio
966 824 982 846 ,
1022 808 1099 844 qua
1131 807 1210 833 non
1244 796 1369 833 solum
1403 795 1517 832 siccis

190 860 311 897 oculis
340 860 510 896 defuncti
536 859 648 896 Bruti
673 859 869 908 meminit,
907 859 976 895 sed
1011 858 1128 895 etiam
1163 869 1249 895 cum
1281 857 1360 894 levi
1392 867 1517 905 paene

189 923 412 969 contemptu
438 920 701 958 laudationem
726 920 809 966 ejus
837 922 876 955 et
902 920 1128 967 primarium
1153 920 1302 956 facinus
1329 919 1371 955 in
1396 918 1518 955 risum

188 983 327 1031 vertit,
362 984 535 1029 profecto
562 982 690 1017 aliena
715 981 788 1016 suit
814 980 862 1016 ab
889 980 1050 1016 Horatio
1077 980 1187 1016 brevi
1221 983 1395 1027 tempore
1430 980 1520 1026 post

188 1042 337 1079 cladem
361 1043 669 1092 Philippensem,
705 1051 780 1089 quo
809 1041 928 1077 satira
961 1044 1046 1077 orta
1073 1053 1159 1077 esse
1184 1043 1353 1089 putatur.
1380 1060 1431 1067 —-
1455 1039 1519 1076 Fi-

190 1103 262 1140 dus
290 1103 393 1139 enim
418 1103 608 1152 partibus,
637 1113 732 1150 quas
760 1105 915 1139 secutus
943 1105 1039 1151 erat,
1067 1102 1170 1139 haud
1198 1102 1315 1139 dubie
1342 1112 1414 1149 per
1437 1100 1520 1137 lon-

188 1174 280 1211 gum
313 1164 500 1212 temporis
535 1164 703 1212 spatium
736 1164 846 1199 Bruti
880 1164 1146 1210 sociorumque
1182 1163 1330 1200 cladem
1363 1173 1455 1198 vere
1482 1162 1522 1197 et

189 1225 341 1262 sincero
367 1225 496 1262 animo
522 1225 692 1274 lugebat,
721 1227 760 1260 et
786 1225 900 1260 silere
927 1225 1065 1273 opinor
1090 1224 1258 1260 malebat
1284 1234 1399 1271 quam
1425 1222 1520 1259 obli-

189 1296 266 1334 que
293 1285 456 1322 Brutum
481 1288 651 1332 tangere.
704 1286 804 1322 Hinc
838 1286 935 1322 mihi
969 1285 1125 1334 quidem
1157 1295 1236 1321 non
1270 1284 1430 1320 dubium
1462 1285 1522 1319 est

189 1347 285 1395 quin
309 1347 412 1384 inter
438 1358 607 1395 pugnam
632 1347 920 1394 Philippensem
954 1350 994 1383 ct
1020 1347 1135 1393 hujus
1162 1346 1303 1382 satirae
1332 1344 1520 1393 composi-

189 1407 336 1444 tionem
362 1410 510 1457 aliquot
543 1408 635 1444 anni
668 1407 971 1444 intercesserint.
1023 1409 1111 1445 Jam
1136 1418 1224 1444 cum
1248 1407 1333 1456 lex,
1369 1417 1420 1443 ex
1445 1416 1522 1454 qua

189 1479 388 1506 sermones
422 1470 621 1507 ordinatos
657 1480 742 1505 esse
778 1469 946 1518 conjeci,
986 1469 1027 1505 in
1068 1479 1137 1505 sex
1174 1467 1368 1516 prioribus
1406 1467 1520 1514 plane

189 1532 344 1567 servata
370 1531 441 1568 sit:
469 1531 587 1567 etiam
612 1530 726 1576 hujus
753 1531 895 1567 satirae
915 1532 1082 1566 aetatem
1107 1540 1131 1565 a
1156 1528 1425 1576 praecedentis
1442 1538 1521 1565 non

189 1591 352 1627 multum
385 1591 605 1639 discrepare
641 1591 818 1627 dixerim.
871 1591 974 1635 Ergo
1010 1599 1121 1627 armo
1154 1601 1194 1626 u.
1230 1599 1262 1626 o.
1297 1590 1401 1627 718.
1428 1599 1521 1627 eam

188 1654 379 1699 scriptam
404 1663 490 1689 esse
512 1652 720 1699 probabile
745 1656 813 1689 esc.
864 1651 964 1688 Huic
991 1661 1106 1699 anno,
1133 1650 1175 1686 in
1200 1661 1314 1697 quem
1343 1650 1520 1687 Caesaris

190 1712 388 1760 expeditio
416 1712 600 1749 adversus
628 1713 716 1749 Sex.
744 1712 970 1760 PompeJum
997 1714 1177 1760 suscepta
1212 1714 1251 1748 ct
1286 1711 1402 1758 hujus
1429 1712 1519 1758 fuga

190 1773 348 1824 incidit,
374 1774 529 1820 egregie
555 1773 790 1811 conveniunt
815 1785 871 1809 vs.
902 1774 949 1809 10
976 1785 1054 1821 sq.:

456 1855 507 1863 —
532 1835 605 1871 hoc
633 1835 777 1870 etenim
803 1836 893 1870 sunt
917 1845 1051 1871 omnes
1073 1834 1161 1880 jure
1188 1835 1355 1883 molesti,

388 1897 476 1940 Quo
502 1897 634 1945 fortes,
661 1896 800 1943 quibus
828 1896 1032 1933 adversum
1057 1896 1200 1932 bellum
1225 1894 1383 1932 incidit:
1418 1895 1520 1932 inter

390 1959 561 1994 Hectora
585 1957 818 2007 Priamiden,
847 1958 1062 1993 animosum
1079 1959 1194 2005 atque
1213 1957 1315 1993 inter
1330 1956 1520 1993 Achillem

392 2020 467 2055 Ira
488 2016 570 2065 fluit
595 2020 800 2068 capitalis,
826 2021 869 2055 ut
895 2021 1039 2056 ultima
1066 2020 1258 2056 diuideret
1280 2028 1403 2067 mors,

390 2080 479 2116 Non
505 2080 618 2116 aliam
644 2080 694 2116 ob
723 2090 910 2129 caussam,
936 2080 1013 2116 nisi
1039 2080 1142 2127 quod
1159 2080 1281 2116 virtus
1298 2080 1340 2115 in
1356 2081 1519 2126 utroque

390 2141 548 2177 Summa
573 2140 667 2189 fuit,
701 2143 782 2178 duo
807 2143 843 2178 si
869 2143 1074 2178 discordia
1099 2145 1220 2178 oea-et
1241 2142 1393 2188 inertes,

391 2202 472 2239 Aut
498 2201 532 2238 si
559 2201 777 2249 disparibus
803 2201 945 2237 bellum
971 2201 1128 2251 incidat,
1156 2204 1199 2238 ut
1224 2199 1406 2238 Diomedi

392 2265 489 2300 Cum
513 2263 634 2309 Lycio
661 2263 826 2299 Glauco:
853 2262 1026 2299 discedat
1051 2263 1217 2312 pigrior,
1245 2262 1346 2299 ultro

394 2324 621 2361 Muneribus
646 2324 786 2361 missis.
813 2345 865 2351 —

198 2386 239 2422 in
265 2384 403 2433 quibus
430 2395 529 2432 quae
555 2388 638 2422 tum
664 2387 888 2432 gererentur
914 2396 961 2422 ea
987 2396 1011 2422 a
1036 2388 1153 2433 poeta
1178 2387 1278 2422 tecte
1305 2384 1517 2430 significata

196 2457 283 2483 esse
309 2448 412 2494 puto„
439 2467 490 2474 —
516 2447 730 2483 Certiorem
755 2448 917 2483 fortasse
951 2447 1135 2494 temporis
1169 2448 1299 2482 notam
1333 2444 1516 2482 submini-

199 2509 335 2557 strant,
361 2518 460 2556 quae
487 2507 534 2543 de
561 2507 674 2544 Bitho
689 2508 727 2543 et
740 2507 907 2543 Bacchio
933 2507 1209 2552 gladiatoribus
1236 2507 1275 2542 in
1303 2518 1337 2543 v.
1357 2507 1417 2543 20.
1436 2517 1514 2543 me-

200 2569 357 2606 moratis
391 2568 545 2617 scripsit
570 2569 842 2617 Porphyrion:
873 2567 1041 2619 „Bithus
1076 2570 1114 2604 et
1149 2567 1336 2605 Bacchius
1371 2567 1514 2614 gladia-
