1679 2948
704 184 985 226 -49-—

169 300 318 346 quaest.
348 308 385 345 p.
414 297 490 346 27..
519 294 555 347 ξ.
585 293 690 349 50.),
720 299 759 333 et
786 307 879 333 vero
907 295 1026 332 etiam
1052 294 1129 331 nisi
1156 305 1218 331 me
1233 293 1363 330 omnia
1376 293 1513 330 fallunt

168 359 369 397 blanditiis
396 359 495 408 illis,
531 358 672 407 quibus
702 363 878 409 „amata
911 360 992 395 ista
1017 358 1158 394 nautis
1181 357 1355 393 multam
1381 360 1420 393 el
1442 357 1512 392 in-

166 420 405 460 stitoribuss‘
434 421 700 457 consalutatur
734 420 775 455 in
810 420 888 456 Sat.
931 419 977 469 2,
1020 418 1054 455 1.
1095 429 1152 455 vs.
1194 417 1255 455 48.
1302 417 1513 466 „Canidia

166 483 306 521 Albuti
344 483 492 532 quibus
533 487 593 520 esc
630 483 799 519 inimica
836 492 1040 519 venenum
1079 477 1364 533 (minitatur.)“
1406 478 1513 515 etin

111 580 117 583 ⁷
168 546 342 581 extremo
379 543 608 581 Sermonum
651 554 788 580 versu:
822 544 966 592 „velut
996 544 1077 579 illis
1116 542 1292 579 Canidia
1327 538 1516 588 afflasset

163 605 284 654 peJ'or
320 607 576 655 serpentibus
614 602 772 652 Afrisf‘
828 604 938 641 Clare
980 615 1020 639 se
1061 604 1345 650 provectiorem
1385 602 1513 639 aetate

169 679 255 705 esse
284 668 475 714 significat
500 679 537 703 v.
565 666 648 703 21.:

370 730 496 776 Fayit
510 727 714 774 juventas
740 731 778 764 et
804 727 1060 763 verecundus
1085 726 1195 763 color

368 791 547 838 Reliquit
571 799 668 826 ossa
690 789 797 836 pelle
825 789 977 824 amicta
1004 788 1142 823 lurida
1150 798 1168 833 ,-

369 852 467 889 Ταῖς
493 852 668 898 capillus
695 851 814 887 albus
841 854 900 887 est
925 848 1127 886 odoribus.

267 915 350 952 Nec
377 912 514 950 dubito
542 912 637 960 quin
665 911 748 958 jam
774 911 898 958 lyrica
925 911 1074 958 aliquot
1100 910 1271 947 carmina
1298 911 1380 945 tum
1407 908 1516 945 inno-

167 975 314 1014 tuerint
340 975 389 1013 ob
416 986 452 1011 v.
482 974 564 1010 39.:

438 1059 488 1065 —
513 1058 564 1065 —
590 1039 675 1074 siz-e
700 1039 941 1074 mendaci
976 1039 1095 1086 lyra

374 1100 492 1137 Voles
517 1101 678 1148 sonari,
705 1104 749 1136 ta
772 1101 949 1148 pudica,
977 1104 1022 1135 ίιι
1045 1098 1179 1145 proba

371 1161 687 1198 Perambulabis
715 1165 829 1198 astra
855 1163 971 1198 sidus
999 1170 1185 1196 auream.

270 1221 454 1260 Alteram
487 1234 581 1259 vero
616 1225 660 1258 ut
694 1223 800 1259 haud
840 1222 957 1258 dubie
997 1222 1114 1269 poeta
1151 1219 1296 1256 voluit:
1336 1239 1388 1245 —-
1427 1217 1519 1254 audi

170 1283 288 1320 modo
317 1285 514 1332 supplices
542 1295 680 1332 preces
708 1295 804 1332 quas
834 1296 867 1320 v.
899 1284 945 1320 19
974 1293 1030 1330 sq.
1060 1282 1197 1318 callide
1227 1281 1277 1317 ad
1319 1280 1520 1317 Canidiam

169 1345 297 1382 fundit
321 1346 454 1382 —ita
489 1346 618 1394 aptius
654 1346 779 1382 faeere
816 1356 895 1382 non
934 1344 1063 1393 potuit
1101 1344 1178 1379 nisi
1219 1354 1307 1380 euni
1347 1342 1521 1389 syllogen

170 1407 382 1453 evulgaret.
436 1408 538 1444 Nam
564 1418 653 1444 eum
679 1407 903 1443 retardatae
933 1406 1118 1442 editionis
1147 1416 1192 1441 ea
1227 1415 1366 1442 caussa
1400 1405 1520 1452 esset,

171 1470 214 1504 ut
240 1468 554 1504 defervescerent
580 1468 737 1504 interim
764 1469 846 1505 irae
875 1471 913 1504 et
941 1468 1052 1515 odia,
1088 1478 1252 1514 eumque
1288 1464 1521 1501 maledicen-

170 1529 345 1566 tissimae
373 1528 588 1576 epodorum
615 1529 770 1574 eelogae
807 1530 849 1565 in
876 1529 1184 1565 exsecrationem
1213 1526 1399 1565 Canidiae
1427 1526 1521 1562 scri-

148 1593 261 1648 Rptae
290 1593 434 1640 essent,
465 1591 584 1626 etiam
611 1589 723 1637 epod.
753 1590 787 1626 S.
819 1592 858 1626 et
887 1590 962 1639 12.7
991 1589 1216 1626 auctoribus
1244 1588 1370 1625 Schol.
1401 1588 1519 1635 Cruq.

171 1653 254 1690 init.
285 1655 323 1688 et
348 1653 490 1689 Acron.
519 1652 570 1688 ad
596 1663 632 1687 v.
651 1651 709 1687 14.
732 1647 812 1703 ¹¹):
841 1654 925 1687 erat
961 1662 1053 1687 sane
1083 1651 1185 1699 quod
1211 1652 1329 1699 poeta
1347 1649 1522 1685 editurus

170 1714 344 1751 libellum
372 1714 509 1750 harum
535 1714 783 1761 potissimum
809 1725 940 1750 rernm
967 1714 1211 1761 poenitentia
1238 1724 1280 1749 se
1301 1713 1522 1759 correptum

173 1775 385 1825 simularet,
412 1776 596 1812 nimirum
621 1778 664 1810 ut
692 1777 934 1812 caeterorum
961 1785 1115 1822 quoque
1144 1774 1375 1822 probrorum
1402 1774 1522 1810 offen-

174 1837 323 1873 sionem
350 1837 541 1886 elevaret,
579 1847 702 1884 eaque
731 1847 782 1872 ex
802 1836 969 1881 juvenili
996 1837 1126 1884 potius
1162 1835 1379 1883 petulantia
1413 1835 1521 1871 velli-

173 1899 364 1946 oandique
392 1898 555 1934 libidine
584 1908 699 1945 quam
727 1908 777 1932 ex
803 1897 937 1933 innata
964 1897 1084 1933 animi
1110 1897 1347 1945 procacitate
1376 1898 1415 1932 et
1441 1907 1522 1932 ma-

172 1960 350 2006 lignitate
379 1959 611 2007 profluxisse
649 1958 874 1995 ostenderet
894 1954 966 2011 12).
1020 1959 1080 1995 Ita
1116 1959 1236 2004 igitur
1263 1958 1431 2006 epodum
1460 1959 1518 1994 17.

173 2022 346 2059 omnium
373 2024 570 2070 postremo
598 2021 623 2057 i.
652 2032 685 2057 e.
714 2022 805 2067 post
833 2030 921 2056 ann.
952 2020 1036 2056 723.
1067 2023 1270 2056 exaratum
1297 2023 1337 2055 et
1371 2020 1522 2056 coroni-

174 2083 234 2120 dis
260 2084 346 2120 loco
374 2084 548 2119 confecto
574 2083 706 2119 libello
734 2081 910 2117 additum
936 2092 1022 2117 esse
1051 2082 1157 2117 omni
1183 2081 1298 2117 modo
1321 2082 1520 2129 probatur.

174 2146 297 2193 Atqui
326 2144 493 2181 eundem
528 2144 634 2180 edito
670 2144 826 2180 demum
863 2144 1092 2180 Sermonum
1125 2143 1226 2180 libro
1261 2143 1309 2180 Π.
1338 2143 1363 2179 i.
1394 2156 1427 2181 e.
1455 2146 1523 2180 aut

174 2207 262 2256 ipso
293 2217 395 2243 anno
425 2206 512 2242 724.
541 2208 609 2242 aut
627 2205 737 2242 brevi
764 2207 855 2253 post
881 2205 1068 2253 scriptum
1095 2216 1182 2241 esse
1210 2205 1421 2243 verisimile
1448 2208 1519 2242 est.

266 2387 328 2429 11)
351 2387 486 2427 Negant
509 2386 687 2425 Vanderb„
712 2386 823 2424 Orelli,
847 2385 982 2417 Kirchn.
1008 2388 1132 2426 quaest.
1157 2396 1187 2427 p.
1213 2386 1265 2418 25.
1290 2386 1323 2427 ἓ.
1348 2387 1402 2419 46.

266 2442 328 2484 12)
352 2444 423 2474 Sat.
447 2443 479 2479 1,
504 2442 535 2474 4.
561 2443 632 2475 33.:

379 2488 499 2519 Omnes
523 2488 554 2518 hi
578 2490 725 2518 metuunt
747 2496 883 2525 versus,
909 2487 1009 2518 odere
1033 2490 1158 2527 poetas.

380 2533 546 2571 „Poenum
568 2533 668 2564 habet
690 2533 722 2563 in
749 2542 865 2571 cornu,
889 2533 985 2572 longe
1008 2532 1101 2572 fuge,
1127 2531 1320 2563 dummodo
1343 2532 1456 2565 risum

324 2582 327 2583 ’
379 2578 556 2611 Excutiat
577 2576 666 2620 sibi,
689 2586 759 2610 non
782 2577 840 2609 laic
863 2578 1028 2619 cuiquam
1045 2578 1183 2621 parcet
1204 2578 1360 2609 amico.“

1229 2632 1252 2667 4
