1659 2948
694 182 968 225 —10-

173 290 276 339 riae,
300 289 566 339 philosophiae
590 286 648 343 ¹⁸)
674 293 714 327 et
739 290 964 329 accuratiori
980 292 1179 339 poetarum
1202 293 1399 342 utriusque
1416 293 1487 331 lin-

173 362 270 398 guae
296 351 424 389 studio
449 361 608 400 operam
631 352 747 388 dabat
770 348 850 403 ¹⁹),
889 353 1004 398 atque
1038 362 1084 388 eo
1117 363 1207 390 mox
1229 354 1424 392 literarum
1449 358 1489 392 et

172 413 315 449 antium
337 424 465 450 amore
491 411 706 461 tenebatur,
733 414 776 447 ut
800 412 841 446 in
866 411 1044 448 tirocinio
1076 412 1232 450 minime
1267 415 1341 452 sibi
1366 416 1487 463 persi-

172 474 352 510 stendum
375 485 460 511 esse
486 475 679 521 censeret,
714 471 784 508 sed
816 481 912 519 quas
936 471 1167 519 primoribus
1199 474 1347 511 tantum
1369 476 1488 512 labris

172 534 426 584 degustasset,
453 545 519 570 eas
544 532 712 580 penitius
738 533 849 580 quasi
874 535 1007 569 arente
1032 535 1141 571 fauce
1159 534 1331 571 traheret
1355 537 1395 571 et
1418 536 1487 572 im-

170 595 330 632 biberet.
388 595 522 642 Itaque
556 593 660 630 anno
692 593 830 630 aetatis
862 592 1046 631 vicesimo
1064 592 1148 649 ²⁰),
1183 607 1221 632 u.
1246 607 1278 632 c.
1307 596 1392 632 709.
1417 596 1487 633 mi-

169 656 295 701 gravit
318 654 516 704 Athenas,
549 654 651 691 unde
678 655 794 692 etiam
820 657 902 692 tum
925 656 1052 693 omnis
1078 657 1292 704 elegantior
1316 656 1489 694 doctrina

168 716 216 753 ad
241 716 433 753 Romanos
458 715 700 754 redundabat
719 712 804 771 ²²),

366 778 519 815 Scilicet
543 780 587 814 ut
611 781 745 827 posset
769 789 885 817 curvo
912 780 1136 828 dignoscere
1162 783 1323 831 rectum,
1365 774 1372 778 ’

363 840 493 888 Atque
517 840 619 877 inter
645 841 759 878 silvas
785 842 969 878 Academi
996 853 1179 890 quaerere
1205 852 1342 878 verum
1360 837 1437 895 ²²),

166 901 431 951 philosophiae
457 901 698 949 potissimum
723 901 928 939 studiosus.
986 902 1046 939 Ibi
1071 914 1159 939 eum
1183 902 1226 938 in
1248 902 1487 940 auditoribus

167 962 484 1001 Theomnesti
509 962 730 1000 Academici
756 965 796 999 et
830 962 1062 1011 Cratippi
1094 963 1342 1011 Peripatetici
1367 963 1486 1000 fuisse

165 1024 364 1072 probabile
391 1026 471 1072 est,
507 1023 645 1071 quibus
680 1025 770 1060 tunc
795 1023 922 1071 ipsum
948 1034 1034 1060 cum
1060 1024 1203 1060 caeteri
1223 1023 1386 1070 juvenes
1411 1024 1486 1061 Ro-

165 1085 290 1134 mani,
332 1083 399 1133 qui
424 1084 637 1122 studiorum
662 1095 798 1121 caussa
822 1085 985 1122 Athenis
1019 1084 1293 1135 versabantur,
1331 1093 1488 1133 operam

166 1248 257 1279 annis
280 1247 312 1279 in
337 1247 430 1277 domo
453 1247 588 1287 paterna
611 1246 743 1287 „lingua
764 1247 918 1287 utraque·'
940 1256 1030 1278 usum
1053 1247 1164 1278 fuisse.
1209 1246 1367 1283 „Constat
1392 1245 1484 1283 enim,

166 1294 284 1333 inquit,
322 1301 415 1332 quam
436 1291 502 1321 late
525 1292 565 1321 ab
589 1292 728 1332 antiquis
752 1292 947 1331 temporibus
969 1292 1163 1332 pertinuerit
1189 1291 1298 1332 graeci
1331 1291 1486 1322 sermonis

165 1346 241 1367 usus
271 1337 303 1367 in
326 1336 421 1367 Italia
451 1335 624 1375 praecipue
653 1335 864 1369 meridionali.
909 1336 1023 1376 Apulia
1046 1340 1078 1367 et
1101 1336 1261 1373 Lucania,
1299 1345 1431 1376 quarum
1453 1335 1485 1365 in

166 1380 302 1411 confinio
330 1380 504 1411 venusium
535 1380 628 1410 situm
652 1383 739 1418 erat,
778 1380 820 1410 ad
851 1389 920 1411 eam
951 1381 1064 1411 Italiae
1095 1383 1218 1421 partem
1250 1380 1485 1414 numerabatur,

164 1435 246 1464 quae
269 1425 406 1456 Graecis
436 1425 555 1455 colonis
587 1424 738 1464 frequens
767 1433 881 1455 nomen
912 1434 1036 1464 quoque
1060 1424 1220 1455 Graeciae
1242 1424 1362 1463 adepta
1383 1423 1485 1453 erat.''

163 1469 255 1499 Facit
277 1479 333 1509 pro
356 1469 417 1500 hac
439 1469 600 1499 sententia
623 1470 693 1500 Sat.
717 1468 747 1505 1,
773 1468 826 1499 10.
851 1468 904 1499 30.
929 1469 1101 1505 (Canusini
1126 1467 1309 1507 bilinguis.)
1334 1466 1483 1497 eandem-

163 1523 224 1553 que
247 1513 412 1554 proposuit
434 1512 559 1543 Grotef.
583 1523 614 1552 p.
639 1512 715 1544 458.
739 1521 770 1541 a.
795 1512 833 1546 cf,
857 1511 950 1541 Pass.
973 1522 1005 1552 p.
1031 1512 1090 1542 XI.

248 1578 310 1615 18)
333 1578 407 1608 Non
429 1577 586 1607 immerito
609 1577 789 1616 suspicetur
811 1576 926 1616 aliquis
948 1576 1116 1607 Horatium
1139 1575 1371 1607 Philodcmi
1401 1574 1482 1616 Epi-

163 1623 249 1654 curei
272 1622 451 1662 disciplina,
474 1621 563 1660 cujus
585 1621 775 1651 mentionem
798 1620 875 1651 fecit
898 1621 967 1651 Sat.
991 1620 1022 1659 1,
1046 1621 1078 1652 2.
1101 1620 1187 1659 121,,
1205 1621 1273 1660 jam
1295 1624 1370 1652 ante
1393 1630 1483 1652 usum

162 1668 261 1698 fuisse
282 1676 375 1707 quam
397 1665 539 1697 Athenas
560 1667 696 1706 peteret.

249 1732 310 1772 19)
331 1731 383 1764 Ea
406 1731 488 1764 enim
504 1731 608 1763 omnia
624 1732 826 1763 continentur
848 1732 981 1769 artibus,
1004 1741 1105 1772 „quas
1122 1731 1237 1763 doceat
1260 1731 1363 1772 quiris
1386 1741 1485 1773 eques

162 1780 258 1819 atque
281 1780 411 1808 senator
427 1777 536 1808 Semet
558 1778 762 1818 proguatos.’'
785 1778 856 1808 Sat.
879 1776 911 1815 1,
935 1778 967 1808 6.
991 1776 1044 1809 76.
1067 1777 1145 1817 ibiq.
1169 1777 1287 1808 Heind.

250 1843 310 1883 20)
333 1843 383 1874 lta
405 1842 548 1875 Masson.
570 1843 630 1874 vit.
655 1853 687 1883 p.
711 1844 751 1875 33
776 1853 822 1883 sq.
868 1843 958 1874 Anno
980 1852 1013 1873 u.
1038 1853 1068 1873 c.
1091 1842 1168 1875 709.
1200 1843 1366 1874 Ciceronis
1389 1842 1482 1880 filius,

163 1888 288 1919 Horatii
312 1887 466 1927 aequalis,
488 1887 638 1924 Bibulus,
655 1887 795 1918 Messala
817 1888 936 1928 aliique
957 1886 1189 1928 philosophiam
1211 1890 1361 1927 artesque
1389 1888 1484 1927 inge-

162 1942 242 1964 nuas
265 1931 451 1963 addiscendi
475 1942 590 1962 caussa
614 1931 754 1963 Athenas
777 1933 941 1969 abierunt;
981 1941 1019 1962 ac
1042 1932 1208 1963 Ciceronis
1237 1931 1365 1972 quidem
1386 1931 1482 1969 filius,

162 1986 192 2009 a.
214 1986 248 2007 u.
272 1986 300 2008 c.
325 1975 400 2008 690.
424 1979 528 2014 natus,
551 1985 613 2006 uno
635 1976 734 2016 igitur
756 1985 839 2007 anno
861 1976 997 2006 Horatio
1012 1976 1122 2013 minor,
1145 1986 1254 2007 mense
1268 1976 1382 2016 Aprili.
1412 1976 1483 2007 Nec

163 2024 268 2052 tamen
299 2021 384 2050 inter
412 2023 580 2059 utrumque
601 2020 789 2051 familiarem
812 2030 902 2051 usum
926 2021 1035 2058 fuisse,
1067 2020 1161 2051 docte
1191 2021 1417 2060 eleganterque
1446 2023 1482 2050 ut

162 2066 282 2096 assolet
311 2065 462 2105 probavit
490 2063 612 2095 Weich.
641 2063 681 2094 (le
711 2064 789 2095 Var.
820 2068 854 2095 et
876 2065 969 2094 Cass.
998 2074 1030 2104 p.
1054 2065 1177 2096 328-
1194 2065 1268 2096 334.
1299 2065 1340 2095 cs.
1369 2074 1402 2104 p.
1426 2065 1479 2096 36.

163 2111 332 2141 Caeterum
356 2119 426 2140 curn
450 2111 483 2139 et
503 2108 704 2140 manifestum
727 2109 785 2145 sit,
809 2111 885 2139 ante
908 2108 1059 2139 Caesaris
1089 2118 1199 2140 necem
1229 2111 1389 2149 patratam
1410 2108 1478 2138 Ho-

165 2155 280 2186 ratium
302 2154 436 2185 Romam
457 2153 641 2194 reliquisse,
674 2156 706 2183 et
729 2153 829 2193 ipsius
852 2154 952 2184 verba
975 2153 1071 2193 epist.
1095 2154 1126 2191 2,
1150 2153 1183 2184 2.
1205 2153 1264 2185 43:
1303 2152 1479 2192 „Adjecere

163 2200 266 2230 honae
289 2199 412 2239 paulo
435 2198 524 2238 plus
546 2198 627 2229 artis
650 2197 812 2228 Athenae''
835 2198 967 2229 brevem
989 2199 1101 2237 aperte
1124 2200 1369 2229 commonstrent
1392 2206 1477 2227 com-

162 2244 369 2274 morationem
391 2243 492 2274 fuisse
514 2241 658 2280 Athenis,
681 2242 823 2282 cogimur
845 2242 925 2280 fere,
947 2244 983 2272 ut
1005 2241 1147 2273 Massoni
1170 2241 1396 2284 computationi
1418 2240 1477 2272 ad·

161 2288 357 2330 stipulemur.

249 2354 309 2396 21)
334 2354 385 2385 Cf.
408 2352 548 2384 Schmid.
571 2351 612 2384 :ul
636 2353 730 2394 epist.
754 2354 785 2391 2,
810 2353 841 2384 2.
866 2352 921 2385 43.
945 2352 1014 2384 Cic.
1039 2351 1079 2384 de
1102 2351 1157 2385 off.
1180 2352 1210 2391 1,
1234 2353 1264 2388 1.
1288 2353 1325 2392 3,
1349 2353 1370 2384 2
1393 2354 1456 2384 cet.

251 2421 310 2461 22)
333 2420 406 2452 Non
424 2420 683 2451 Academicorum
706 2423 816 2451 sectae
838 2430 874 2451 se
897 2419 1091 2460 adscriptum
1114 2419 1214 2451 fuisse
1235 2419 1284 2451 his
1307 2418 1476 2459 significat,

164 2464 220 2496 sed
242 2465 460 2507 philosophiae
483 2465 622 2496 studium
645 2466 783 2496 omnino.
815 2465 857 2495 cf.
882 2464 1022 2496 Nasson.
1046 2474 1078 2505 p.
1102 2464 1154 2496 34.
1193 2463 1264 2495 Nec
1286 2464 1316 2494 in
1339 2464 1381 2494 iis
1395 2472 1476 2504 quac

164 2509 360 2550 praecedunt
381 2509 489 2542 verbis
512 2509 718 2550 geometriam
741 2509 883 2547 denotat,
906 2512 940 2541 ut
964 2508 1149 2552 quibusdam
1170 2508 1299 2552 placuit,
1321 2517 1403 2550 quae
1424 2509 1477 2539 iu·-

165 2554 261 2595 digne
282 2563 323 2586 ne
345 2554 453 2587 dicam·
469 2555 577 2596 inepte
598 2555 645 2586 ita
668 2553 900 2594 designaretur.
