1643 2959
652 224 708 232 —
756 206 920 250 111—-

130 315 188 351 20.
216 325 274 362 pr.
303 314 469 363 Appian.
498 325 535 362 p.
557 312 710 369 1135.)‚
738 317 809 354 sed
835 317 952 354 etiam
969 317 1143 366 Agrippa
1168 317 1252 365 ejus
1279 319 1463 368 auspiciis

128 378 287 413 ineunte
309 387 344 413 a.
363 377 448 413 717.
478 379 612 414 contra
631 378 837 416 seditiosos
857 380 988 417 Gallos
1006 379 1194 428 pugnavit
1210 382 1250 417 et
1275 381 1465 430 triumphi

127 439 274 475 honore
308 438 469 475 affectus
505 441 575 476 est.
630 440 729 477 Tum
762 441 848 489 ipse
884 442 1028 479 Caesar
1063 443 1102 478 et
1134 441 1176 478 in
1208 441 1322 479 Italia
1357 445 1398 479 et
1422 442 1465 479 in

126 511 262 537 recens
289 502 480 538 commota
499 501 626 538 Gallia
645 513 710 539 res
728 502 901 550 inspexit
927 505 967 540 et
993 503 1187 540 ordinavit
1203 499 1302 556 (Dio
1320 503 1382 555 48,
1400 505 1462 541 49.

125 559 246 608 αὐτὸς
271 561 344 610 μὲν
371 558 527 614 ἐφορῶν
553 564 619 600 κώ
646 559 868 601 διατάττων
893 564 1022 602 ταῦτα
1047 577 1089 603 τε
1113 566 1180 603 καῖ
1205 566 1254 603 τᾶ
1282 563 1386 604 ἄλλα
1412 564 1466 604 τοί

124 636 167 660 τε
193 619 232 661 ἒν
258 623 307 673 τῇ
331 623 480 680 Ἰταλία
513 626 579 662 καὶ
605 621 644 662 ἓν
674 625 723 674 τῇ
754 624 795 663 Γ
791 625 948 682 αλατία.
984 629 1131 674 κίνησις
1164 629 1242 680 γάρ
1276 641 1336 674 τις
1367 626 1462 679 παρ’

124 684 261 731 αὐτοῖς
286 682 482 737 ἒγὲνετο.).
534 686 687 723 Deinde
715 698 749 724 a.
767 688 853 725 719.
873 690 956 725 tum
972 682 1064 737 aliis
1086 691 1169 724 tum
1195 689 1376 735 gentibus
1397 690 1466 727 Al·

123 748 226 796 pinis
243 747 388 784 bellum
404 747 548 797 intulit⁷
577 748 747 784 colonias
764 749 806 785 in
824 750 989 787 Galliam
1007 749 1153 786 dimisit
1171 746 1269 802 (Dio
1288 752 1350 801 49,
1364 747 1465 804 34.),

123 811 163 845 et
196 809 397 845 Pannonia
432 810 570 855 pacata
604 819 638 844 a.
675 809 760 845 720.
796 821 930 846 rursus
965 811 1006 846 in
1042 811 1208 847 Galliam
1234 822 1466 860 progressus

122 872 182 907 est
207 867 307 922 (Dio
327 870 388 919 49,
408 865 506 922 38.).
550 869 795 918 Omninoque
814 870 865 907 ad
882 870 922 907 id
938 881 1060 918 usque
1087 874 1241 919 tempus
1269 876 1309 909 et
1326 876 1465 921 postea

122 931 279 979 saepius
307 931 344 968 ei
371 942 459 968 cum
486 931 634 979 aliquot
653 932 803 969 Galliae
831 932 1011 979 gentibus
1034 943 1118 969 rem
1142 933 1277 983 fuisse,
1307 935 1466 982 colligas

121 993 226 1043 inde,
254 993 358 1042 quod
375 993 453 1030 Dio
473 993 631 1030 Cassius
649 993 781 1041 aliqua
798 996 903 1031 certe
922 994 996 1031 fide
1024 994 1212 1032 historica
1230 996 1350 1033 fultus
1367 997 1465 1034 Cae·

121 1066 249 1092 sarem
274 1055 317 1091 in
343 1055 519 1091 oratione
538 1054 588 1091 ad
614 1055 757 1091 milites
784 1057 874 1092 ante
901 1065 1073 1103 pugnam
1101 1057 1304 1095 Actiacam
1330 1058 1466 1095 habita

121 1116 264 1155 Gallos
290 1119 459 1155 domitos
486 1119 852 1154 commemorantem
885 1117 978 1153 facit
1003 1117 1069 1154 lib.
1099 1118 1159 1155 50.
1189 1130 1271 1167 cap.
1301 1120 1384 1156 24.:
1418 1117 1465 1158 τὸ

120 1177 199 1228 γάρ
226 1191 289 1216 τοι
315 1177 545 1228 (Ρωμαίους
570 1190 613 1216 τε
641 1177 778 1224 ὄντας,
805 1179 872 1215 καῖ
897 1178 965 1225 τῆς
994 1178 1182 1227 πλείστης
1208 1182 1275 1218 καὶ
1300 1179 1466 1231 ἀρίστης

120 1237 346 1289 οἰκουμένης
385 1238 598 1291 ἄρχοντας,
645 1239 995 1291 καταφρονεῖσθαι
1027 1242 1094 1278 καῐ
1134 1241 1464 1281 καταπατὲισθαι

117 1300 221 1353 πρὸς
246 1299 429 1350 γυναικὸς
441 1300 687 1352 Αἰγυπτίας,
718 1300 881 1347 ἀνάξιον
896 1300 970 1350 μὲν
987 1301 1066 1338 τῶν
1084 1304 1269 1356 πατέρων
1287 1302 1400 1353 ἡμῶν
1412 1326 1464 1333 —

118 1361 283 1408 ἀνάξιον
317 1359 362 1401 δὲ
396 1365 462 1401 καὶ
495 1362 609 1412 ἡμῶν
635 1363 767 1402 αὐτῶν
793 1361 888 1400 τῶν
913 1361 1030 1409 τούς
1056 1361 1290 1413 Γαλάτας
1316 1379 1464 1405 κατε-

119 1435 242 1475 στρα
251 1438 282 1473 μ
292 1426 452 1473 μένων
494 1436 549 1474 sq.
604 1425 710 1469 Quid
751 1421 938 1473 quaeris‘ss
1003 1426 1136 1463 Primo
1176 1428 1239 1464 die
1275 1430 1463 1478 triumphi

117 1483 174 1539 (a.
205 1486 240 1523 d.
268 1487 368 1524 V111.
397 1487 453 1524 Id.
482 1487 587 1524 Sext.
617 1498 651 1524 a.
680 1484 790 1537 725.)
818 1487 866 1523 de
892 1486 1126 1538 Pannoniis,
1154 1490 1369 1541 Dalmatis,
1395 1492 1464 1529 Ja-

116 1548 231 1597 pydis
258 1548 509 1595 finitimisque
538 1559 671 1584 eorum
698 1550 739 1585 et
763 1548 959 1586 nonnullis
978 1550 1210 1588 Germaniae
1237 1563 1282 1589 ac
1302 1553 1467 1591 Galliae

117 1611 271 1659 populis
307 1609 563 1658 triumphavit
597 1611 697 1646 teste
724 1610 853 1646 Dione
888 1610 958 1660 51,
994 1611 1054 1647 21.
1096 1607 1304 1664 (ἕωρτασε
1338 1610 1383 1652 δέ
1416 1613 1468 1665 τῇ

116 1671 190 1721 μὲν
223 1671 361 1723 πρώτῃ
396 1671 525 1726 ἡμέρᾳ
560 1670 611 1708 τά
648 1683 690 1709 τε
715 1671 795 1709 τῶν
820 1670 1054 1709 Παννονίων
1080 1674 1147 1710 καί
1172 1671 1222 1711 τὰ
1250 1674 1329 1713 τῶν
1355 1675 1464 1714 Δελ-

116 1734 275 1783 aaran),
302 1733 370 1781 τῆς
395 1745 437 1770 τε
457 1729 683 1779 Ἰαπυδίας,
710 1734 776 1771 καὶ
802 1733 881 1771 τῶν
907 1733 1160 1785 προσχώρων
1185 1738 1324 1786 σφίσι,
1354 1736 1463 1775 Κελ-

115 1795 195 1834 τῶν
221 1807 263 1833 τε
280 1797 346 1833 καὶ
371 1793 567 1833 Γαλατῶν
593 1791 757 1847 τινων.)
803 1795 949 1839 Quidni
975 1795 1095 1842 igitur
1111 1797 1297 1835 Horatius
1315 1810 1462 1837 memo-

116 1859 214 1895 riam
252 1869 384 1894 rerum
422 1857 471 1894 ab
512 1858 726 1895 Octaviano
765 1857 808 1894 in
846 1856 973 1893 Gallia
1007 1859 1226 1909 gestarum,
1263 1870 1363 1907 quae
1397 1862 1462 1899 vel

116 1919 314 1967 triumpho
350 1919 490 1965 dignae
517 1921 650 1967 erant,
685 1919 828 1956 blanda
862 1929 949 1954 cum
975 1917 1227 1957 observantia
1251 1921 1301 1958 iis
1329 1922 1461 1961 verbis

116 1981 288 2030 potuerit
313 1982 492 2029 repetere
502 1977 522 2016 ’ἔ
574 1981 661 2024 Qua
687 1980 734 2016 de
753 1991 795 2016 re
820 1990 901 2016 non
927 1981 986 2016 est
1013 1981 1118 2029 quod
1143 1993 1232 2019 cum
1256 1983 1458 2022 Heindorf.

116 2055 153 2091 p.
181 2043 267 2079 235.
297 2043 345 2079 de
372 2043 424 2079 Μ,
453 2042 601 2080 Valerii
634 2042 828 2078 Messalae
863 2042 1036 2079 victoriis
1073 2044 1241 2094 cogites,
1277 2056 1374 2093 quas
1410 2047 1460 2084 de

116 2105 239 2142 Gallis
265 2104 475 2152 Aquitanis
501 2106 592 2153 post
617 2114 787 2153 pugnam
803 2104 1004 2141 Actiacam
1028 2106 1245 2153 reportavit
1266 2103 1458 2159 (Appian.

116 2166 154 2204 b.
183 2167 255 2203 civ.
284 2167 330 2216 4,
358 2162 444 2219 38.)
495 2166 579 2203 Nec
614 2166 719 2214 quod
754 2166 885 2203 Gallos
920 2166 1088 2204 maxime
1125 2169 1164 2204 et
1188 2168 1353 2206 Parthos
1377 2171 1460 2208 Ho-

116 2229 239 2265 ratius
266 2228 504 2278 nominavit‚
532 2228 780 2266 mirationem
807 2229 988 2277 cuiquam
1022 2229 1161 2280 faciet,
1198 2230 1265 2278 qui
1289 2231 1458 2272 liberum

117 2293 255 2338 poetae
283 2290 488 2327 arbitrium
515 2293 555 2327 et
583 2290 776 2328 delectum
811 2302 967 2328 servare
1003 2291 1109 2329 velit.
1162 2291 1215 2328 Et
1247 2293 1336 2341 quis
1370 2296 1457 2333 tan-

120 2351 207 2389 dem
231 2363 413 2402 caussaS‚
450 2352 592 2400 quibus
628 2352 766 2390 ductus
801 2353 875 2390 hoc
901 2353 1047 2391 illudve
1074 2352 1249 2400 tetigerit
1273 2356 1337 2392 vel
1362 2357 1458 2393 reti-

120 2415 242 2452 cuerit
283 2416 422 2464 poeta,
465 2414 612 2451 dudum
654 2414 826 2451 tenebris
869 2414 1014 2453 offusas
1055 2415 1212 2464 penitus
1261 2414 1452 2455 rimetur‘z

120 2474 256 2512 Tacuit
293 2477 413 2515 etiam
453 2475 501 2513 de
540 2476 712 2514 Antonio
753 2478 935 2524 superato
975 2477 1038 2515 hic
1072 2478 1112 2515 et
1145 2478 1206 2516 od.
1244 2478 1289 2529 1,
1324 2479 1384 2515 37.
1413 2481 1454 2516 et

122 2535 240 2583 epod..
259 2538 318 2587 9.,
345 2539 455 2585 cujus
482 2540 612 2575 tamen
636 2538 696 2575 rei
721 2538 912 2576 rationem
929 2539 1042 2576 facile
1058 2539 1272 2589 perspicies
1289 2551 1339 2576 ex
1355 2540 1452 2578 Dio-

119 2597 181 2634 nis
207 2597 337 2636 verbis
361 2599 427 2638 lib.
464 2600 534 2650 51,
572 2600 652 2639 la:
687 2601 753 2639 καὶ
785 2603 1145 2653 προσεψηφίσαντο
1178 2598 1238 2651 τῷ
1269 2600 1449 2657 Καίσαρι
