1643 2959
645 193 924 236 —121—

115 309 256 357 fectus,
282 309 323 344 et
346 305 551 356 Ayrz'ppa,
577 306 646 354 qui
668 306 713 343 in
735 305 813 342 fine
839 317 874 342 a.
902 303 989 342 723.
1017 304 1055 341 ei
1087 304 1131 341 in
1155 303 1344 341 auxilium
1369 305 1460 342 mis-

117 380 185 406 sus
213 370 312 418 erat,
339 379 419 405 non
447 368 572 405 solum
596 368 731 404 literas
758 367 808 404 ab
824 367 1041 404 Octaviano
1067 369 1301 416 acceperunt
1326 377 1462 404 omnes

116 430 168 468 ad
207 430 487 479 perlegendum
529 432 570 466 et
610 429 862 479 mutandum,
911 429 981 466 sed
1028 429 1147 466 etiam
1180 430 1338 466 anulum
1378 429 1462 476 eJus

116 493 374 540 signatorium
400 492 577 541 sphingis
603 491 772 538 imagine
799 491 1042 541 insignitum,
1071 491 1180 538 quus
1198 491 1345 540 duplex
1361 490 1462 537 ejus-

116 553 206 591 dem
230 556 377 592 formae
404 553 606 602 exemplar
631 553 868 591 Octavianus
895 553 1077 590 habebat.
1129 554 1189 590 Eo
1213 553 1335 600 igitur
1358 555 1463 590 uter-

116 627 192 665 que
228 617 271 654 in
305 616 559 663 obsignandis
595 615 750 653 tabellis
783 614 875 651 inde
916 614 965 651 ab
1006 625 1040 651 a.
1079 614 1163 651 723.
1203 615 1398 652 utebatur.
1424 625 1462 651 v.

115 679 194 716 Dio
219 679 282 728 51,
310 679 346 715 3.
375 679 473 715 Plin.
502 678 565 727 37,
593 676 651 714 4.“

217 740 333 784 Quod
360 740 394 776 si
421 742 570 776 certum
597 741 657 775 est
684 739 844 775 satiram
878 743 1055 776 exeunte
1081 749 1118 775 α.
1147 739 1251 776 723.
1280 739 1466 788 scriptam

117 813 219 851 esse,
246 802 479 847 intelligitur
506 800 642 849 simul⁷
677 811 757 848 quo
791 805 970 846 tempore
1002 800 1201 837 Horatius
1233 801 1466 839 Maecenati

112 861 338 909 familiaris
360 860 501 909 factus
525 864 586 900 sit.
630 860 895 911 „Septimus“
914 861 1041 908 inquit
1068 872 1104 896 v,
1133 862 1194 897 40.

313 925 547 975 „Septimus
574 928 717 962 octavo
739 925 908 971 propior
924 922 1021 970 Jam
1045 920 1201 972 fuya-ic
1225 934 1376 974 annus,

320 987 393 1024 Ea·
417 997 499 1036 quo
524 987 750 1024 Maecenas
774 995 839 1022 me
865 987 993 1033 coepit
1017 985 1169 1023 habere
1192 997 1363 1024 suorum

320 1049 373 1086 In
399 1047 618 1086 numeros(
635 1069 688 1075 —-

117 1112 206 1149 Jam
232 1111 267 1148 si
292 1115 443 1158 septem
469 1121 605 1148 annos
633 1120 764 1158 prope
793 1114 981 1158 peractos
1014 1108 1063 1146 de
1099 1120 1133 1146 a.
1169 1109 1255 1147 723.
1292 1109 1466 1147 deduxe-

117 1173 195 1222 ris,
229 1171 380 1209 incides
406 1173 450 1209 in
475 1175 634 1210 mlum
660 1184 698 1209 a.
730 1172 834 1209 716.
861 1172 925 1208 vel
951 1172 993 1208 in
1018 1173 1179 1209 inillam
1207 1184 1245 1209 α.
1274 1172 1394 1222 717.,
1422 1174 1466 1208 ut

117 1234 338 1272 rectissime
363 1234 589 1271 observavit
614 1233 818 1271 Kirchner.
855 1234 897 1270 in
923 1236 1073 1282 quaest.
1101 1243 1140 1281 p.
1169 1233 1229 1270 50.
1258 1230 1295 1284 §.
1324 1233 1360 1270 3.
1413 1234 1466 1271 Et

120 1308 209 1334 cum
233 1296 422 1333 Horatius
447 1306 553 1333 nono
580 1295 736 1332 demum
760 1306 895 1332 mense
930 1298 1019 1344 post
1054 1306 1171 1344 quam
1195 1295 1466 1332 Maecenatem

118 1358 288 1407 primum
314 1358 497 1395 convenit
523 1358 565 1395 in
591 1357 674 1404 ejus
703 1357 914 1394 amicitiam
939 1357 1092 1394 venerit
1119 1353 1220 1410 (Sat.
1251 1357 1287 1406 1,
1305 1357 1341 1394 6.
1357 1356 1464 1411 58.):

118 1420 369 1457 manifestum
402 1422 465 1457 est
494 1420 660 1468 primam
697 1420 804 1456 illam
843 1419 1158 1466 congressionem
1196 1421 1338 1456 saetam
1378 1430 1466 1456 esse

120 1484 188 1518 aut
214 1485 384 1518 exeunte
410 1493 445 1518 a.
474 1482 495 1518 ἰ’
502 1482 560 1518 15.
587 1485 656 1518 aut
681 1481 795 1518 initio
822 1482 991 1530 proximi
1008 1477 1060 1534 ²).

223 1545 431 1582 Caeterum
458 1554 552 1579 cave
588 1543 724 1580 credas
758 1547 916 1591 poetam
956 1544 1067 1581 bret-i
1107 1548 1327 1593 antequam
1365 1543 1465 1581 hanc

120 1607 282 1644 satiram
307 1604 497 1644 scriberet
523 1604 654 1641 villam
680 1606 893 1654 accepisse,
922 1607 965 1640 ut
991 1605 1187 1653 persuasit
1214 1605 1463 1643 sibiPassov.

122 1669 189 1706 vit.
217 1670 299 1705 not.
329 1666 412 1704 102.
443 1667 527 1703 115.
557 1669 597 1703 et
625 1667 710 1704 166.
761 1667 863 1704 Nam
891 1666 975 1712 jam
1010 1669 1101 1703 ante
1135 1677 1306 1715 pugnam
1332 1667 1466 1704 Actia-

122 1741 208 1768 cam
233 1740 320 1767 eam
346 1728 573 1778 possidebat
600 1724 736 1778 (epod.
767 1730 803 1778 1,
830 1729 891 1766 25.
911 1724 1011 1780 31.)‚
1039 1728 1134 1776 quin
1152 1729 1237 1774 jam
1262 1739 1364 1766 anno
1379 1729 1465 1767 721.

122 1788 224 1844 (Sat.
252 1791 299 1842 2,
326 1792 363 1829 3.
390 1804 427 1829 v.
454 1791 490 1828 5.
518 1793 557 1828 et
585 1788 681 1844 10.).
744 1791 795 1828 Et
829 1790 1067 1827 desiderium
1100 1790 1223 1840 ruris,
1260 1790 1365 1838 quod
1400 1802 1467 1829 ex·

215 1924 254 1964 2)
278 1923 353 1954 Nou
378 1926 468 1954 recte
499 1923 599 1963 igitur
622 1921 797 1954 Weichert.
822 1933 854 1963 p.
878 1921 937 1953 rel.
961 1931 992 1962 p.
1017 1920 1112 1958 458„
1138 1921 1274 1953 Passer.
1298 1925 1365 1953 not.
1387 1921 1465 1955 115.

125 1967 203 2000 116.
239 1968 316 2000 121.
352 1967 448 2003 148..
497 1967 691 1999 Grotefend.
741 1978 772 2010 p.
812 1966 889 1999 461.
939 1970 971 1998 et
1018 1967 1091 1997 olim
1137 1967 1281 1998 Masson.
1325 1978 1355 2008 p.
1398 1968 1466 2000 150

125 2023 173 2054 sq.
198 2016 400 2050 statuerunt,
435 2013 606 2044 Horatium
642 2013 845 2044 Maecenatis
876 2012 1095 2043 familiaritate
1127 2016 1159 2043 et
1188 2013 1370 2053 patrocinio
1398 2014 1467 2053 jam

124 2059 227 2091 unitio
251 2067 336 2091 arm.
363 2057 459 2091 716.
482 2068 574 2089 nsum
598 2059 712 2096 fuisse,
735 2059 782 2089 ita
806 2062 842 2088 ut
865 2058 1001 2098 primum
1025 2067 1096 2088 eum
1121 2058 1308 2089 convenerit
1331 2067 1360 2094 a,
1384 2058 1466 2090 715.

124 2121 171 2126 —
194 2103 231 2135 Id
254 2104 330 2135 inde
354 2104 475 2136 factum
492 2104 659 2145 probabile
683 2108 743 2140 est,
768 2103 853 2145 quod
868 2104 986 2134 verba:
1010 2102 1209 2143 ..Septimus
1225 2103 1357 2135 octavo
1370 2111 1467 2144 pro-

101 2154 106 2159 “
122 2150 210 2190 pior
244 2150 349 2181 caet:
395 2150 601 2190 interpretati
625 2152 700 2179 sunt
722 2149 787 2186 ita,
822 2153 858 2179 ut
890 2149 970 2180 octo
994 2156 1109 2179 annos
1138 2157 1242 2189 paene
1272 2148 1468 2188 praeteritos

124 2195 166 2225 ab
189 2194 328 2226 Horatio
353 2193 554 2235 significatos
579 2204 651 2225 esse
674 2199 800 2235 putent.
848 2193 898 2224 Ita
922 2193 1103 2230 obbarius,
1134 2203 1167 2224 v.
1193 2193 1251 2230 cl.‚
1274 2193 1307 2224 in
1331 2202 1469 2225 censura

124 2239 258 2272 Kirchn.
283 2244 410 2280 quaest.
435 2241 466 2271 in
490 2239 583 2271 Jahn.
607 2240 714 2270 annal.
741 2239 839 2272 1836.
864 2239 928 2270 voi.
952 2238 1008 2270 16.
1032 2238 1114 2269 fasc.
1139 2237 1173 2269 1.
1205 2248 1235 2279 p.
1260 2238 1315 2270 53.
1339 2239 1470 2279 scripsit

126 2284 223 2316 haec:
268 2285 433 2323 „Uuseres
455 2284 638 2316 Erachtens
671 2285 736 2316 und
767 2295 803 2316 so
835 2284 961 2316 dfirften
993 2283 1075 2314 auch
1105 2282 1270 2314 Weichert
1299 2284 1366 2314 und
1387 2283 1468 2314 Jahn

127 2329 181 2361 die
203 2330 315 2361 Wortc
339 2330 465 2371 gesasst
489 2331 605 2367 haben,
629 2331 772 2370 besagen
796 2331 846 2361 sie
870 2330 975 2361 nichts
999 2329 1118 2360 anders
1140 2328 1206 2360 als:
1229 2327 1276 2359 Es
1299 2328 1372 2360 siud
1394 2329 1468 2360 bei-

129 2374 212 2407 nahe
234 2376 254 2408 9
277 2376 365 2411 Jahr,
389 2375 526 2407 seitdem
549 2382 593 2408 Ξ
617 2376 781 2416 Septimus
804 2385 905 2416 prope
928 2378 1075 2405 octavus.
1121 2373 1276 2405 Aehulich
1299 2378 1373 2414 sagt
1397 2373 1467 2404 Go-

129 2418 185 2451 the
205 2421 238 2452 in
260 2421 372 2453 Herm.
397 2430 428 2451 u.
453 2421 546 2452 Dor.:
595 2420 714 2457 ,.,.L·-n‹1
737 2430 772 2451 es
807 2424 901 2460 sagte
936 2419 1055 2450 darauf
1082 2418 1141 2450 der
1164 2419 1236 2451 edle
1260 2418 1469 2458 verstandige

129 2463 314 2504 Ptanherr,
352 2466 401 2498 Er
438 2466 491 2497 die
531 2465 649 2497 Zierde
688 2465 747 2496 der
785 2465 900 2502 stadt,
939 2466 995 2496 ein
1034 2463 1208 2507 Jfinyliny
1241 2464 1354 2497 adher
1387 2463 1469 2495 dem

128 2507 426 2548 arannem—So
450 2510 615 2548 Wielaffl,
639 2510 779 2550 Dor-ing,
803 2510 897 2541 Pass.
922 2514 990 2541 not.
1016 2508 1093 2547 116,
1117 2509 1257 2546 Gruter„
1277 2509 1357 2540 aber
1379 2507 1468 2540 nicht

128 2553 284 2592 Lambin‚
304 2555 514 2593 Habert'eldt,
538 2555 760 2587 Braunharffi'
782 2573 829 2578 —
850 2554 1010 2596 Equidem
1042 2558 1131 2586 recte
1164 2554 1345 2594 explicasse
1367 2553 1467 2586 verba

129 2598 204 2630 mihi
229 2598 342 2630 n’deor
364 2601 427 2632 ita:
474 2599 543 2639 „Es
567 2601 641 2632 sind
664 2599 810 2633 beinahe
833 2599 947 2634 sichen
970 2600 1063 2633 velle
1084 2599 1237 2632 Jahn?
1259 2615 1305 2621 —
