1679 2948
621 174 900 229 485*

92 294 228 343 quovis
256 295 411 332 homine
438 296 601 344 prodigo
627 297 801 345 θετικῶς
826 297 1019 347 positum,
1047 309 1124 346 qua
1149 309 1192 335 re
1219 299 1323 348 apud
1348 301 1427 338 Ho-

89 357 232 394 ratium
264 357 320 393 nil
354 368 415 393 me
446 357 579 404 judice
619 360 872 408 frequentius.
910 371 946 396 v.
974 359 1124 396 lVeich.
1160 363 1263 409 poet.
1291 361 1359 398 rel.
1387 373 1425 411 p.

89 418 163 454 412
191 429 247 466 sq.
284 419 442 456 Passov.
479 421 558 456 not.
597 420 680 457 173.
733 422 943 469 Perperam
976 421 1167 458 Wieland.
1207 421 1256 458 ad
1283 423 1360 459 Sat.
1392 423 1425 460 l.

87 481 167 516 not.
199 480 256 516 12.
287 483 325 516 et
351 481 550 517 Maenium
578 484 616 517 et
642 483 928 519 Nomentanum
955 482 1108 519 Horatii
1134 483 1320 520 memoria
1341 483 1424 530 jam

89 540 290 578 defunctos
317 542 437 579 fuisse
459 543 662 589 judicavit.

189 665 447 703 SATIRA
474 665 536 702 11.
571 665 934 715 „Ambubajarum
954 666 1155 716 comma-2
1175 670 1215 704 et
1240 668 1326 716 ipsa
1345 681 1426 706 cer-

86 727 136 763 tis
164 728 304 764 aetatis
330 727 434 763 notis
470 730 587 763 caret.
643 728 718 764 Sed
753 728 802 764 ob
830 729 1060 775 probrosam
1086 729 1306 778 licentiam,
1350 740 1428 777 qua

85 791 201 836 poeta
227 788 423 836 impudica
459 787 655 834 quaelibet
690 791 728 823 et
763 789 956 834 flagitiosa
995 790 1138 835 agresti
1173 800 1296 837 paene
1331 801 1426 826 voce

85 849 232 898 effutit,
277 849 447 885 dubitari
487 859 566 884 non
607 851 738 896 potest
783 850 877 897 quin
919 853 1070 887 maturo
1107 850 1200 886 satis
1235 852 1426 899 tempore,

84 911 257 947 omnium
290 912 453 947 fortasse
489 911 637 960 prima,
675 911 722 947 ab
759 911 842 957 ejus
877 923 994 948 manu
1028 913 1201 960 profecta
1237 911 1298 948 sit.
1355 911 1426 949 Cui

85 973 329 1019 conjecturae
359 972 443 1019 jam
469 972 541 1009 hoe
577 973 702 1021 favet,
739 973 842 1021 quod
869 985 947 1010 non
975 974 1097 1010 solum
1125 975 1213 1010 ante
1248 974 1427 1020 quartam

85 1030 153 1086 (cf.
183 1045 218 1070 v.
247 1035 306 1070 27.
338 1037 376 1070 et
404 1034 449 1083 4,
485 1034 545 1070 91.
576 1036 615 1069 et
641 1030 726 1085 92.)
755 1037 793 1070 et
822 1034 1011 1071 decimam
1039 1031 1147 1087 (coll.
1177 1035 1220 1083 4,
1249 1034 1272 1069 6
1301 1044 1356 1082 sq.
1386 1036 1426 1070 ct

85 1096 145 1145 10,
176 1097 195 1132 1
225 1107 281 1144 sq.
310 1098 350 1131 et
376 1107 432 1132 vs.
462 1091 546 1149 50.)
574 1095 780 1132 manifesto
810 1097 954 1144 scripta
982 1099 1062 1145 est,
1092 1095 1162 1131 sed
1190 1096 1307 1131 etiam
1335 1097 1424 1131 ante

81 1157 260 1207 tertiam,
299 1156 390 1204 quia
425 1157 466 1192 in
500 1160 634 1193 nostra
661 1157 815 1202 Tigellii
850 1169 986 1193 recens
1015 1157 1206 1206 defuncti,
1241 1157 1282 1192 in
1309 1156 1425 1192 tertia

80 1229 174 1255 vero
201 1221 244 1255 ut
271 1218 416 1254 dudum
443 1218 584 1254 mortui
611 1218 756 1254 mentio
782 1219 834 1254 fit.
865 1220 910 1255 ef.
939 1218 1095 1255 Kirchn.
1124 1219 1274 1265 quaest.
1303 1228 1340 1265 p.
1362 1216 1421 1252 52.

81 1277 118 1330 ξ.
147 1281 182 1316 7.
236 1278 426 1326 Majorem
452 1282 582 1315 autem
608 1280 924 1327 probabilitatem
959 1279 1056 1315 haec
1092 1278 1262 1326 suspicio
1298 1278 1423 1326 adipi-

83 1341 203 1378 scitur
230 1341 341 1390 inde,
378 1341 481 1389 quod
508 1341 692 1377 Horatius
720 1341 818 1377 hanc
848 1341 1006 1377 satiram
1039 1341 1160 1377 multo
1195 1342 1284 1376 ante
1321 1350 1423 1376 com·

80 1403 225 1452 posuit,
254 1414 368 1450 quam
383 1403 622 1439 Maecenatis
648 1403 909 1439 familiaritate
937 1404 976 1438 et
1003 1401 1218 1450 patrocinio
1235 1402 1419 1437 uteretur.

81 1464 256 1502 Efficitur
282 1464 323 1500 id
349 1464 553 1500 notissimo
580 1464 645 1500 illo
672 1475 787 1500 versu
815 1464 899 1501 25.:

280 1526 515 1563 Male-lamus
540 1528 687 1562 tunc'cz's
713 1527 896 1562 demissis
924 1526 1131 1575 ambulat„

81 1599 158 1638 quo
184 1587 313 1636 ipsum
339 1587 609 1623 Maecenatem
635 1586 742 1632 tangi
771 1589 809 1622 et
837 1587 942 1634 carpi
973 1586 1056 1632 ,iam
1083 1596 1161 1622 una
1195 1588 1235 1622 et
1261 1596 1422 1622 consen-

80 1651 182 1687 tiens
209 1650 290 1686 VV.
316 1650 403 1685 DD.
432 1658 510 1684 vox
536 1649 609 1697 est,
638 1647 693 1683 ita
720 1647 890 1697 quidem,
922 1649 967 1683 ut
995 1649 1083 1696 post
1110 1658 1178 1696 ea,
1208 1658 1306 1696 quae
1334 1658 1423 1683 acu-

81 1711 231 1748 tissime
260 1712 299 1747 et
327 1709 588 1746 eruditissime
616 1720 733 1757 super
760 1709 832 1746 hoe
858 1710 942 1746 loco
970 1708 1154 1756 deinceps
1174 1708 1423 1756 disputarunt

81 1773 358 1811 Buttmannus
392 1771 434 1807 in
461 1771 674 1817 Mytholog.
711 1774 802 1807 tom.
839 1771 868 1807 Ι.
906 1783 943 1819 p.
979 1770 1053 1806 334
1090 1780 1170 1818 sq.;
1209 1769 1420 1807 Weichert.

79 1837 184 1884 poet.
212 1834 280 1870 rel.
309 1845 346 1882 p.
376 1833 602 1869 429—457.
632 1834 671 1867 et
699 1832 746 1868 de
772 1834 860 1869 Var.
891 1834 929 1867 et
958 1832 1063 1868 Cass.
1093 1842 1130 1878 p.
1160 1830 1243 1880 41.;
1271 1828 1418 1867 Theod.

79 1897 251 1934 Schmid.
278 1895 320 1931 in
347 1894 471 1930 diurn.
510 1893 689 1929 scholast.
726 1892 947 1929 Darmstad.
977 1903 1064 1928 ann.
1097 1891 1204 1928 1829.
1243 1891 1342 1928 Sect.
1370 1889 1418 1927 ΙΙ.

81 1959 172 1995 fasc.
202 1956 262 1992 35.
290 1967 328 2003 p.
357 1955 430 1991 284
459 1966 538 2004 sq.;
566 1955 776 1991 Kirclzner.
804 1954 844 1990 in
872 1955 1019 2002 quaest.
1049 1964 1086 2001 p.
1116 1954 1163 1989 50
1191 1963 1246 2000 sq.
1276 1950 1312 2003 ξ.
1339 1952 1421 1988 4—-

80 2018 116 2071 §.
146 2019 181 2055 6.
212 2014 280 2071 (cf.
308 2018 464 2054 Passov.
493 2019 572 2052 not.
601 2016 660 2052 50.
689 2027 726 2064 p.
747 2016 887 2053 XLIII.
925 2018 963 2052 et
990 2016 1068 2051 not.
1100 2014 1182 2051 125.
1213 2010 1321 2065 166.)
1347 2023 1419 2050 nec

81 2081 256 2118 refellere
292 2090 390 2127 opus
419 2079 469 2114 sit
497 2090 584 2127 eos,
622 2078 688 2125 qui
715 2078 813 2114 hane
850 2077 1081 2113 sententiam
1117 2076 1419 2113 Scholiastarum

80 2144 256 2179 veterum
283 2140 516 2177 testimoniis
545 2143 583 2176 et
612 2140 780 2176 Senecae
799 2138 1020 2187 philosophi
1041 2138 1205 2186 epistola
1226 2137 1308 2173 114.
1328 2146 1417 2172 eon-

81 2205 269 2241 firmatam
295 2203 546 2251 exploserunt
573 2199 638 2254 (ut
665 2202 755 2237 fecit
781 2200 973 2237 Wieland.
1003 2200 1044 2235 in
1069 2201 1148 2235 not.
1178 2199 1212 2234 4.
1241 2197 1292 2234 ad
1318 2197 1354 2234 h.
1384 2208 1415 2234 e.

83 2267 123 2302 et
146 2264 341 2303 Vanderb.
370 2265 412 2300 in
438 2264 497 2300 ed.
527 2275 642 2300 carm.
679 2263 753 2299 vol.
782 2263 810 2300 Ι.
839 2274 876 2311 p.
906 2256 1038 2314 369),
1074 2272 1146 2297 nec
1180 2259 1303 2296 fusius
1331 2269 1416 2295 eam

85 2327 345 2375 comprobare.
401 2325 476 2361 Sed
511 2335 781 2373 percurramus
818 2324 980 2369 singula.
1035 2322 1272 2358 scholiastae
1298 2320 1417 2366 igitur

83 2389 276 2426 Malchini
299 2387 455 2424 nomine
475 2386 511 2439 ²)
552 2386 590 2424 C.
625 2386 796 2423 Cilnium
823 2387 1100 2423 Maecenatem
1126 2382 1308 2430 castigari
1335 2392 1415 2418 cer·

82 2478 134 2485 „Q

176 2527 215 2569 2)
235 2527 284 2559 De
306 2529 467 2570 scriptura
493 2530 524 2559 et
549 2527 764 2568 originatione
791 2527 878 2558 vocis
904 2537 932 2557 v.
958 2525 1060 2557 Bentl.
1085 2524 1126 2556 ad
1150 2525 1179 2556 h.
1203 2524 1221 2554 1.
1247 2525 1279 2553 et
1294 2520 1413 2552 Weicb.

83 2583 113 2614 p.
137 2572 193 2603 rel.
216 2579 248 2613 p.
271 2571 335 2604 429
359 2584 405 2614 sq.
1031 2583 1034 2585 ·
