1643 2959
648 212 935 255 —154—

127 321 244 358 filiam
282 321 488 370 aliquando
525 320 732 358 adamaret.
792 322 870 359 Sed
912 321 999 370 quis
1041 321 1111 358 tali
1143 322 1191 359 de
1224 335 1268 361 re
1300 321 1454 371 litiget?

125 382 203 420 Adi
230 382 264 419 si
292 384 391 420 tanti
424 384 486 418 est
509 381 703 419 Vanderb.
740 382 814 419 vol.
841 382 871 419 Ι.
906 394 945 431 p.
982 382 1069 419 336.
1122 383 1288 421 Gravius
1321 388 1381 423 est
1415 388 1455 422 et

125 447 338 481 memoratu
356 443 524 493 dignius,
540 442 644 491 quod
660 444 906 481 Wuellnerus
919 444 961 480 in
979 446 1223 481 commentat.
1244 445 1292 482 de
1309 447 1455 495 aliquot

124 517 240 542 carm.
254 505 388 541 Horat.
417 500 703 557 (Duesseldorf.
725 501 858 557 1834.)
885 517 923 554 p.
942 505 977 542 5.
999 505 1047 542 de
1064 505 1138 542 hoc
1164 506 1334 543 carmine
1361 508 1454 544 scri-

122 566 219 614 psit:
248 566 461 614 „Naturam
489 566 670 604 carminis
696 578 833 614 parum
858 567 1108 615 perspexisse
1143 567 1239 604 mihi
1273 567 1455 606 videntur

122 627 199 676 illi,
227 627 294 673 qui
319 626 362 662 in
388 639 434 664 eo
459 627 625 674 legendo
649 629 746 665 nihil
772 630 978 665 senserunt
1002 628 1080 664 nisi
1106 628 1348 678 gravitatem,
1375 639 1456 666 ma-

122 687 403 739 gnificentiam,
447 689 713 740 splendorem,
756 690 908 727 similia.
973 689 1081 727 Inest
1131 700 1225 726 sane
1271 690 1454 740 gravitas,

120 749 427 800 magnificentia,
466 751 706 801 sublimitas3
741 754 782 788 at
817 762 863 788 ea
888 762 971 789 non
996 762 1097 789 vera
1123 753 1205 801 est,
1243 751 1312 788 sed
1348 749 1456 799 affe-

119 813 294 848 clamet
319 811 478 848 adscita.
538 813 714 861 Namque
749 813 840 849 dum
873 813 982 849 vultu
1016 815 1133 861 poeta
1175 812 1455 860 poenitentiam

121 872 278 909 simulat
317 875 358 909 et
395 874 559 910 forsitan
599 885 737 911 revera
771 874 812 910 in
846 876 1003 922 pectore
1038 875 1140 924 agit,
1177 874 1294 911 simul
1323 875 1455 910 tamen

119 933 233 981 quasi
268 933 310 969 in
347 934 434 970 sinu
459 935 563 971 ridet
589 937 705 982 atque
733 936 885 982 culpam
904 946 1013 971 suam
1029 935 1185 982 vimque
1212 935 1294 971 irae
1320 935 1454 972 huma-

117 1005 191 1030 nae
218 994 393 1030 oratione
420 1005 673 1044 exaggerans,
701 996 976 1042 grandiloquus
1004 995 1135 1031 delicti
1161 996 1315 1032 veniam
1341 996 1453 1045 petit,

117 1066 195 1102 qua
220 1055 371 1092 ratione
389 1056 503 1092 amici
530 1056 621 1105 duo,
649 1056 682 1092 si
700 1067 776 1104 qua
804 1056 996 1093 dissensio
1013 1058 1149 1093 exorta
1175 1058 1256 1107 est,
1281 1058 1454 1093 veterem

117 1116 281 1163 gratiam
306 1116 409 1153 inter
435 1128 477 1153 se
503 1118 751 1154 restituunt.'³
776 1138 828 1146 —-

217 1239 332 1283 Quod
360 1240 536 1288 sequitur
562 1240 806 1277 cARMEN
831 1240 982 1277 xvn.
1017 1242 1181 1290 „Vela-z·
1208 1241 1453 1279 amoenum''

117 1301 356 1338 Scholiastae
383 1301 433 1338 ad
460 1302 623 1340 eandem
648 1303 909 1350 Tyndaridem
936 1302 1122 1350 scriptum
1144 1313 1230 1339 esse
1248 1303 1451 1352 affirmant,

116 1374 214 1410 quae
250 1363 292 1399 in
325 1363 575 1410 praecedenti
618 1364 872 1411 intelligenda
907 1364 969 1400 sit.
1030 1364 1188 1403 Acron:
1239 1364 1319 1413 „Et
1351 1363 1452 1400 hanc

114 1424 218 1460 oden
242 1425 480 1461 recantando
506 1425 556 1461 ad
574 1426 836 1472 Tyndaridem
863 1426 997 1462 scribit
1014 1426 1171 1474 Horat.,
1198 1425 1260 1462 cui
1277 1427 1320 1461 ut
1337 1425 1451 1473 plene

115 1485 349 1536 satisfaciat,
385 1486 526 1522 invitat
560 1499 646 1523 eam
671 1488 713 1524 in
738 1487 898 1523 fundum
927 1498 1059 1536 suum,
1097 1497 1212 1535 quem
1237 1487 1278 1524 in
1297 1486 1450 1523 Sabinis

114 1546 322 1584 habebat.7⁷
382 1548 552 1595 Porplaz
595 1550 731 1598 „Haec
764 1549 838 1585 ode
874 1548 925 1585 ad
958 1548 1218 1594 Tyndaridem
1254 1547 1449 1598 scribitur,

114 1607 177 1644 cui
203 1608 318 1655 plene
345 1609 507 1656 cupiens
535 1611 759 1647 satisfacere
794 1612 910 1657 poeta
944 1609 1084 1645 invitat
1110 1619 1196 1645 eam
1221 1608 1263 1645 in
1288 1609 1450 1646 fundum

115 1679 248 1718 suum,
286 1679 401 1717 quem
434 1670 476 1706 in
511 1670 664 1707 Sabinis
700 1670 909 1707 habebat.”
969 1670 1194 1706 Grotefend.
1230 1681 1269 1718 p.
1297 1670 1383 1706 469.
1411 1681 1446 1707 a.

113 1729 227 1766 odam
254 1730 304 1766 ad
321 1742 355 1767 a.
375 1731 460 1767 725.
488 1732 643 1782 retulit,
670 1731 828 1768 Kirchn.
852 1732 901 1768 ad
921 1742 954 1768 a.
973 1731 1059 1767 727.
1111 1731 1290 1768 Sterilem
1314 1740 1449 1778 agrum

112 1793 256 1828 frustra
280 1792 446 1829 rimeris,
499 1793 576 1829 Sed
600 1805 638 1830 v.
667 1792 719 1829 sis
746 1793 939 1831 Vandcrb.
967 1793 997 1830 I.
1025 1804 1063 1842 p.
1092 1793 1179 1830 340.

213 1914 326 1958 Quod
340 1916 496 1952 fuerunt
522 1916 589 1964 qui
616 1915 858 1952 GARMEN
874 1917 1005 1954 xlx.
1029 1918 1190 1967 ‚filmer
1204 1928 1333 1954 saeva
1361 1918 1447 1956 Cu-

108 1977 323 2023 pz'olz'nwn’·⁹
348 1988 451 2014 anno
468 1978 552 2014 734.
574 1973 699 2031 (sani,
726 1978 937 2016 lVeichert.
959 1979 1007 2016 dc
1024 1980 1113 2016 Var.
1134 1981 1173 2015 et
1192 1980 1297 2016 Cass.
1316 1990 1356 2026 p.
1382 1978 1443 2014 59.

111 2037 191 2073 not.
220 2037 280 2074 50.
308 2037 423 2086 Leps.
451 2039 476 2075 l.
504 2040 527 2075 l.
557 2051 595 2088 p.
623 2035 692 2092 6.)
726 2041 794 2076 aut
821 2040 905 2077 735.
935 2036 1137 2091 (Masson.
1165 2041 1232 2077 vit.
1260 2051 1298 2087 p.
1326 2035 1443 2090 313.)

113 2097 301 2145 scriptum
335 2110 421 2135 esse
459 2102 662 2150 putarent,
697 2112 776 2138 non
810 2102 939 2138 miror.
991 2102 1088 2139 Dies
1122 2103 1331 2147 noctesque
1358 2099 1443 2146 qui-

112 2158 201 2195 dam
227 2160 347 2196 voluti
374 2161 539 2208 spectris
564 2163 691 2199 territi
727 2164 945 2209 cogitarunt
979 2162 1026 2199 de
1063 2162 1183 2207 signis
1211 2162 1250 2196 et
1277 2159 1443 2207 captivis

112 2231 147 2256 a.
183 2219 268 2256 734.
305 2233 328 2258 a
361 2221 514 2259 Parthis
548 2223 724 2270 Augusto
759 2224 935 2260 redditis.
1003 2222 1120 2268 Cujus
1159 2221 1252 2258 facti
1289 2221 1332 2257 in
1370 2220 1443 2257 hac

113 2291 265 2330 quoque
293 2283 426 2330 ecloga
450 2285 687 2321 mentionem
720 2286 862 2321 factam
887 2295 974 2321 esse
1000 2285 1179 2320 asserunt
1204 2294 1240 2319 v.
1267 2281 1441 2319 9-12,:

312 2343 386 2393 „In
411 2355 473 2381 me
499 2347 581 2383 tota
605 2357 721 2383 ruens
747 2347 878 2384 Venus

380 2406 547 2453 Cyprum
574 2408 770 2458 deseruit3
797 2418 870 2444 nec
896 2406 1043 2455 patitur
1067 2406 1237 2456 Scythas

311 2466 363 2504 Et
388 2468 512 2504 versis
543 2472 770 2507 animosam
796 2468 908 2516 equis

378 2527 578 2566 Parthum
602 2531 754 2578 dicere,
780 2539 853 2566 nec
879 2539 979 2577 quac
1004 2527 1101 2565 nihil
1127 2525 1330 2565 attinentJ'

113 2588 237 2628 Nimis
272 2591 385 2628 acute
411 2593 583 2628 cernunt.
635 2591 695 2629 Nc
721 2589 920 2628 levidense
946 2588 1102 2638 quidem
1128 2587 1211 2635 ejus
1236 2588 1294 2625 rci
1318 2587 1437 2624 vcsti-
