1643 2959
710 179 987 221 *95—

185 287 267 335 peti
292 297 421 335 posse.
477 288 682 325 Caeterum
717 287 763 322 cf.
790 287 1002 324 Weichert.
1038 298 1076 334 p.
1112 287 1181 323 rel.
1208 298 1246 335 p.
1275 288 1518 338 290—297.,

184 350 225 385 ct
265 349 312 386 de
352 347 597 386 bibliothecis
638 347 705 394 qui
751 347 973 396 nuperrime
1023 347 1238 396 disputavit
1275 349 1438 388 Becker.
1476 349 1520 387 in

185 410 295 448 Gallo
322 410 395 446 vol.
423 408 452 445 I.
480 419 517 456 p.
548 408 782 445 160-164,

283 531 500 569 SATIRA
533 531 590 567 V-
636 534 890 582 „Eyressum
915 532 1103 581 mayna‘s
1131 533 1285 580 egregie
1321 534 1519 572 confirmat

181 605 297 643 quam
332 593 380 630 de
423 593 559 630 ordine
604 594 809 630 satirarum
849 605 898 630 ex
940 595 1126 642 temporis
1169 594 1270 632 serie
1309 595 1520 632 constituto

179 657 364 704 proposui
395 655 667 701 conjecturam.
721 657 831 692 Hanc
867 656 971 692 enim
1005 667 1039 692 a.
1076 656 1161 692 717.
1198 655 1383 704 scriptam
1417 668 1519 707 esse,

179 727 258 753 non
293 717 524 763 conjecturis
561 716 630 753 sed
665 718 779 753 certis
820 717 1005 754 historiae
1045 718 1280 754 testimoniis
1319 716 1529 765 probatur.

179 779 236 816 Ac
271 779 438 826 primum
473 777 630 825 quidem
666 789 753 814 cum
786 779 970 815 Horatius
1006 779 1080 815 iter
1119 779 1192 816 hoc
1226 779 1519 828 Brundisinum,

179 840 284 888 quod
317 839 509 876 Lucilium
539 839 755 876 aemulatus
782 840 1016 876 testantibus
1044 840 1182 877 Scholl.
1213 840 1420 888 descripsit
1447 835 1517 892 (cf.

178 902 347 951 Varges,
390 902 431 938 C.
472 901 613 937 Lucilii
653 901 788 950 Satin,
833 912 931 948 quae
973 912 1022 937 ex
1059 902 1159 938 libro
1185 901 1254 938 111.
1295 902 1518 950 supersunt.

179 962 334 1001 Stettin.
365 958 520 1014 1836.)‚
548 962 788 997 Maecenatis
816 962 857 997 in
885 961 1068 998 comitatu
1095 963 1230 999 fecerit
1256 960 1325 1015 (cf.
1353 974 1390 998 v.
1418 958 1519 1014 27.),

177 1024 218 1061 id
246 1023 493 1059 manifestum
529 1024 588 1058 est
623 1033 702 1059 non
703 1023 910 1083 spotuisse
939 1023 1084 1070 suscipi
1112 1026 1201 1059 ante
1228 1024 1342 1059 finem
1368 1035 1402 1060 a.
1431 1022 1518 1059 716.

177 1085 240 1122 vel
266 1084 419 1121 initium
447 1083 666 1132 sequentis,
703 1095 779 1131 quo
814 1085 856 1120 in
889 1084 1065 1121 intimam
1091 1085 1330 1121 Maecenatis
1357 1084 1520 1121 familia·

175 1147 332 1184 ritatem
359 1146 538 1193 pervenit
564 1147 680 1192 poeta
713 1142 779 1197 (v.
808 1146 894 1182 infr.
923 1145 972 1182 ad
1008 1146 1084 1182 Sat.
1114 1146 1158 1195 2,
1186 1142 1266 1198 6.)
1318 1145 1430 1182 Unde
1458 1156 1519 1182 er-

175 1210 275 1246 roris
304 1207 486 1244 continuo
515 1209 775 1252 coarguuntur
802 1207 868 1254 qui
894 1207 970 1243 iter
995 1207 1037 1242 in
1062 1218 1096 1243 a.
1117 1207 1202 1243 714.
1230 1207 1415 1244 incidisse
1443 1206 1519 1243 sibi

176 1270 476 1320 persuaserunt,
504 1278 581 1315 quo
609 1279 679 1315 per
705 1268 965 1317 Maecenatis,
1004 1268 1156 1314 Cocceji
1184 1270 1224 1304 et
1248 1267 1433 1305 Pollionis
1459 1268 1519 1304 in-

175 1331 456 1370 tercessionem
482 1330 585 1365 inter
610 1329 833 1366 triumviros
861 1329 1059 1366 Brundisii
1085 1340 1164 1377 pax
1190 1330 1313 1379 sacta,
1341 1331 1381 1366 et
1402 1329 1517 1366 Octa·

178 1393 262 1442 via,
308 1391 513 1429 Octaviani
549 1401 678 1440 soror,
722 1391 841 1427 vidua
875 1391 1070 1440 Marcelli,
1111 1391 1283 1427 Antonio
1323 1390 1518 1440 desponsa

177 1455 228 1491 sit
255 1450 445 1506 (Appian.
474 1453 510 1489 b.
541 1452 612 1489 civ.
641 1453 686 1501 5,
713 1453 773 1488 64.
802 1452 900 1488 Plut.
929 1453 1072 1488 Anton.
1102 1449 1198 1505 31.).
1251 1453 1401 1489 Horum
1425 1452 1516 1500 opi-

176 1517 334 1553 nionem
371 1515 485 1551 docta
520 1514 680 1562 insuper
715 1513 978 1561 disputatione
1014 1514 1155 1550 refellit
1181 1514 1352 1550 Masson.
1379 1513 1422 1550 in
1446 1513 1515 1550 vit.

176 1578 269 1614 Hor.
288 1588 324 1624 p.
345 1575 521 1612 81—88.
547 1575 902 1622 demonstravitque
921 1584 1007 1622 pag.
1029 1574 1133 1619 125„
1159 1575 1323 1625 legatos,
1350 1585 1516 1623 quorum

175 1640 250 1676 iter
284 1637 469 1675 Horatius
504 1647 632 1672 comes
668 1636 938 1684 descripserit,
975 1635 1046 1672 sub
1082 1638 1331 1672 auctumnum
1358 1633 1428 1688 (cf.
1456 1648 1514 1673 vs.

178 1701 235 1736 14.
267 1700 324 1736 15.
354 1699 414 1734 73.
443 1698 502 1735 81.
531 1694 616 1751 96.)
644 1698 735 1734 anni
762 1708 798 1733 u.
828 1709 859 1733 c.
889 1697 997 1746 717„
1024 1718 1075 1724 —
1101 1708 1177 1745 quo
1204 1697 1340 1734 foedus
1368 1698 1515 1735 Taren-

174 1762 299 1798 tinum
325 1761 428 1796 inter
455 1761 662 1796 Caesarem
689 1760 728 1794 et
754 1758 968 1795 Antonium
995 1759 1180 1795 Octaviae
1212 1770 1331 1807 opera
1357 1769 1514 1807 compo·

175 1823 292 1859 situm
319 1824 379 1858 est
403 1842 455 1849 —
481 1820 530 1857 ad
563 1821 776 1856 Antonium
804 1820 960 1857 Caesari
994 1819 1322 1857 reconciliandum
1347 1820 1515 1858 Brundi-

175 1885 275 1920 sium
302 1884 458 1920 abiissc.
511 1883 621 1919 Hanc
648 1882 820 1918 Massoni
849 1881 1102 1931 sententiam,
1130 1892 1246 1929 quam
1278 1882 1511 1930 Wesseling.

174 1946 217 1982 in
243 1945 453 1982 observatt.
481 1944 620 1980 variar.
657 1944 743 1980 libr.
771 1943 819 1979 11.
857 1954 940 1991 cap.
970 1943 1028 1979 15.
1064 1943 1239 1980 futilibus
1275 1943 1514 1991 argumentis

174 2008 230 2043 ita
255 2005 410 2054 rejecit,
439 2007 482 2040 ut
509 2005 583 2041 iter
609 2005 887 2041 Brundisinum
921 2004 971 2040 ad
1008 2015 1042 2041 a.
1072 2004 1156 2040 716.
1184 2005 1380 2052 pertinere
1408 2004 1512 2042 dice-

175 2070 256 2113 ret,
283 2077 360 2115 quo
387 2066 579 2103 Antonius
607 2078 631 2102 a
659 2068 826 2104 Caesare
853 2068 1012 2103 vocatus
1039 2068 1200 2114 propter
1225 2066 1312 2103 Sex.
1335 2065 1511 2113 Pompeji

174 2129 318 2166 bellum
344 2139 366 2165 e
395 2127 558 2165 Graecia
584 2127 832 2164 Brundisium
858 2127 966 2164 venit
992 2127 1061 2163 scd
1086 2127 1195 2162 brevi
1218 2128 1308 2174 post
1332 2128 1512 2164 revectus

175 2191 236 2227 est
261 2185 392 2241 (App.
420 2189 457 2227 b.
487 2201 518 2226 c.
548 2189 592 2239 5,
627 2187 719 2239 78.)
745 2210 796 2216 —
829 2188 1024 2237 Massoni‚
1059 2188 1239 2237 inquam,
1276 2188 1510 2225 sententiam

175 2254 255 2288 tam
281 2251 420 2288 acriter
454 2251 576 2287 tuitus
604 2252 663 2287 est
689 2253 843 2298 tamque
872 2249 983 2286 docte
1012 2249 1250 2286 confirmavit
1270 2249 1508 2286 Kirchnerus

176 2313 218 2350 in
244 2313 391 2361 quaest.
420 2323 457 2359 p.
486 2313 533 2349 54
562 2323 641 2362 sq.,
677 2313 720 2348 ut
745 2322 817 2348 nec
844 2310 892 2347 de
918 2310 1083 2347 veritate
1111 2310 1194 2356 ejus
1223 2310 1391 2347 dubitari
1417 2321 1508 2358 pos·

177 2374 249 2423 sit,
283 2384 355 2410 nec
389 2383 486 2420 opus
521 2374 573 2410 sit
606 2373 781 2422 pluribus
816 2383 902 2409 eam
934 2372 975 2408 in
1007 2383 1090 2408 rem
1115 2371 1323 2420 inquirere.
1378 2370 1507 2414 Quare

177 2434 379 2472 Kirchneri
420 2434 596 2481 vestigiis
634 2435 820 2472 insistens
855 2444 1043 2471 summam
1084 2435 1235 2470 tantum
1271 2442 1401 2469 rerum
1439 2431 1506 2468 de-

179 2507 344 2546 cerpam.

278 2559 380 2595 Ante
414 2559 542 2596 omnia
576 2557 805 2607 videndum,
841 2557 934 2607 quid
968 2568 1018 2596 ex
1050 2556 1205 2596 Horatii
1244 2555 1505 2605 descriptione
