1659 2948
726 224 999 264 „15-

199 331 250 367 ris
273 329 350 383 ⁴⁶),
379 332 446 368 sed
470 332 517 368 iis
544 333 712 380 tantum,
741 332 806 379 qui
833 341 963 367 eorum
989 330 1029 365 in
1056 330 1244 366 exercitus
1272 342 1312 367 se
1340 330 1516 367 distribui

195 393 299 439 passi
326 396 435 442 sunt,
478 392 676 430 Horatium
710 392 890 428 credibile
925 392 984 425 est
1018 388 1123 436 prius
1150 390 1270 426 abiise
1304 392 1343 427 in
1368 391 1516 428 Italiam

196 465 309 501 quam
343 455 493 490 veniam
526 454 768 499 impetrasset
803 452 841 486 et
874 451 1008 496 postea
1043 449 1195 485 demum
1230 461 1313 487 eam
1338 452 1519 500 adeptum

198 525 283 550 esse
305 511 377 566 ⁴⁷).
431 513 558 550 Rediit
592 513 632 548 in
666 511 830 558 patriam
863 510 936 545 fine
971 510 1060 545 anni
1087 521 1122 545 u.
1151 521 1181 546 c.
1211 510 1294 546 712.
1321 511 1382 546 vel
1406 512 1517 548 initio

194 574 379 622 proximi,
415 573 550 609 aetatis
578 572 758 609 vicesimo
786 573 942 619 quarto3
979 582 1067 607 nam
1100 581 1229 618 pugna
1261 570 1517 619 Philippensis

195 735 310 775 pendia
334 734 527 775 respiciens;
551 736 708 772 „Militiae
733 743 919 774 quamquam
942 734 1064 774 piger
1088 736 1120 764 et
1143 734 1280 770 malus,
1305 733 1390 764 utilis
1415 733 1517 764 urbi.''

195 780 364 810 Caeterum
387 780 570 820 „parmulae
595 790 656 810 non
680 781 761 810 bene
785 779 936 809 relictae''
960 779 1150 809 mentionem
1173 787 1235 808 non
1258 780 1324 808 tam
1347 780 1517 817 propterea

195 824 312 855 factam
337 833 408 854 esse
427 824 650 863 judicaverim.
674 827 710 854 ut
733 824 839 863 fugam
863 823 1002 861 imagine
1026 822 1233 862 significaret,
1257 821 1516 862 quemadmodum

194 877 332 899 summus
354 868 408 898 ille
431 868 597 899 Jacobsius
621 868 753 905 statuit,
785 867 843 897 sed
867 870 901 897 ut
924 867 984 897 hac
1007 867 1104 897 etiam
1128 867 1159 897 in
1183 876 1219 897 re
1241 865 1458 896 Archilochum
1483 868 1515 896 et

192 913 352 949 Alcaeum,
376 913 428 952 qui
451 916 483 943 et
505 913 566 952 ipsi
589 922 677 944 arma
701 913 733 942 in
756 911 879 951 proelio
903 911 1078 941 amiserunt
1101 910 1167 949 (de
1190 910 1375 941 Archilocho
1399 920 1430 940 v.
1454 910 1515 939 Ar-

194 957 263 987 chil.
294 957 382 996 reliq.
416 956 466 986 ed.
490 956 614 987 Liebel.
646 957 678 997 g.
703 956 759 986 Vl.
792 965 822 995 p.
848 955 891 985 17
924 958 956 984 et
989 954 1101 993 fragm.
1127 954 1180 985 51.
1212 964 1243 994 p.
1266 953 1344 985 147.
1397 954 1514 985 Muret.

192 1010 260 1031 rar.
282 1001 355 1031 lect.
378 1000 435 1031 IX.
461 1002 491 1032 2.
516 1001 556 1032 de
578 1002 693 1032 Alcaeo
716 999 835 1030 Herod.
861 1001 891 1035 5,
916 998 968 1029 95.
992 999 1099 1029 Strab.
1123 998 1175 1035 13,
1199 1008 1229 1037 p.
1247 998 1352 1038 600.),
1373 998 1514 1028 imitatus

193 1055 266 1076 esse
295 1045 476 1081 videretur,
515 1045 549 1075 id
579 1046 662 1085 quod
693 1054 776 1075 nunc
805 1042 985 1074 Weicherto
1019 1052 1143 1083 quoque
1174 1042 1240 1082 (de
1263 1041 1341 1073 Var.
1367 1045 1400 1073 et
1421 1042 1514 1072 Cass.

191 1099 221 1129 p.
248 1089 314 1129 38)
339 1091 371 1119 et
396 1089 512 1120 Orellio
536 1090 663 1130 placere
686 1089 789 1120 video.

280 1152 340 1193 46)
363 1153 495 1194 Appian.
524 1154 559 1184 b·
592 1154 653 1185 civ.
678 1154 715 1192 4,
739 1154 815 1186 135.
840 1150 860 1189 ὁ
890 1149 932 1189 δὲ
959 1149 1029 1190 σὺν
1054 1149 1112 1201 τῷ
1136 1151 1306 1203 Βρούτῳ
1334 1147 1514 1202 στρατὸς,

190 1194 256 1233 ὅτε
281 1193 481 1233 ἐπύθοντο
507 1196 696 1234 τεθνάναι
721 1196 922 1248 Βροῦτον,
957 1202 1139 1252 πρέσβεις
1164 1199 1202 1247 ἐς
1228 1201 1416 1250 Καίσαρα
1448 1202 1514 1236 καὶ

186 1245 400 1283 ’Λντώνιον
425 1245 615 1293 ἔπεμπον,
641 1248 706 1283 καῑ
732 1252 962 1299 συγγνώμης
988 1253 1133 1302 ἔτυχον,
1159 1253 1224 1288 καί
1249 1248 1289 1296 ἒς
1313 1248 1361 1288 τὰ
1389 1260 1513 1300 στρα-

190 1295 364 1343 τεύματα
404 1295 533 1333 αὐτῶν
567 1293 826 1349 διῃρέθησαν,
860 1304 925 1339 καὶ
958 1297 1057 1348 ἦσαν
1089 1301 1195 1352 ἀμφὶ
1227 1298 1318 1346 τοὺς
1349 1302 1514 1350 μυρίους

191 1347 258 1382 καῖ
289 1346 636 1397 τετρακισχιλίους.
678 1344 904 1397 παρέδοσαν
939 1347 1040 1389 δὲπῑ
1072 1353 1155 1397 τοῖς
1187 1349 1321 1396 αὐτοῖς
1353 1346 1515 1393 ἑαυτοὺς

191 1397 256 1432 καῖ
274 1393 310 1432 οἳ
327 1393 425 1433 κατὰ
444 1397 492 1434 τὰ
511 1396 694 1447 φρούρια,
712 1398 842 1437 πολλοὶ
858 1400 963 1438 ὄντα.
979 1424 1030 1430 -—
1055 1408 1168 1448 Neque
1190 1410 1294 1437 tamen
1320 1412 1513 1435 communem

192 1444 429 1493 ἀμνηστείαν
452 1452 676 1492 proclamatam
700 1452 798 1484 fuisse
822 1454 964 1484 omnibus
989 1453 1063 1483 inde
1086 1456 1186 1492 patet,
1210 1450 1294 1492 quod
1316 1451 1439 1482 Caesar
1460 1460 1511 1481 an.

191 1496 316 1526 demum
339 1497 420 1533 714,
460 1506 530 1526 cum
562 1499 673 1526 contra
696 1497 771 1526 Sex.
796 1497 979 1537 Pompejum
1008 1497 1121 1527 bellum
1144 1498 1291 1536 pararet,
1322 1495 1512 1535 impunitate

191 1541 356 1580 proposita
386 1549 494 1571 omnes
518 1549 573 1570 eos
596 1540 734 1579 recepit,
773 1542 826 1580 qui
847 1544 904 1571 aut
926 1540 1096 1581 proscripti
1118 1540 1262 1577 fuerant,
1294 1542 1352 1570 aut
1372 1540 1406 1570 in
1429 1539 1511 1570 bello

190 1584 388 1624 Philippensi
421 1586 453 1613 et
484 1583 639 1614 Perusino
671 1584 902 1620 militaverant,
942 1584 1102 1615 referente
1130 1583 1231 1614 Dione
1255 1583 1346 1614 CaSS.
1370 1583 1431 1621 48,
1455 1583 1509 1615 29.

188 1628 254 1663 καὶ
280 1623 345 1664 διὰ
371 1626 490 1663 τοῦτο’
512 1638 556 1673 γε
582 1625 652 1675 οὐχ
678 1623 814 1671 ἥκιστα
840 1626 861 1663 ὁ
878 1626 1036 1678 Καῖσαρ
1060 1625 1249 1675 ὑπέμεινε,
1274 1626 1425 1672 πάντας
1440 1625 1512 1675 μὲν

189 1674 281 1721 τούς
306 1673 346 1713 ἕν
371 1673 431 1725 τῷ
454 1675 616 1724 πολέμῳ
643 1674 703 1724 τῷ
725 1675 823 1713 κατὰ
856 1674 924 1713 τὸν
954 1676 1132 1713 Λούκιον
1165 1674 1233 1712 τὸν
1266 1676 1336 1713 τοῦ
1356 1673 1510 1713 ’Λντω-

189 1729 272 1763 νίου
300 1722 474 1774 ἀδελφὸν
498 1725 767 1774 μεταστάντας
792 1723 891 1777 πρὸς
916 1723 1046 1772 αὐτὸν,
1072 1727 1137 1762 καῑ
1162 1722 1204 1770 ἔξ
1230 1725 1359 1763 αὐτῶν
1373 1738 1416 1774 γε
1436 1725 1511 1763 τῶν

193 1777 376 1824 σφαγέων
401 1775 505 1813 ἔστιν
531 1772 598 1820 οὓς
625 1773 751 1821 ὄντας,
778 1773 921 1821 ἄλλους
946 1788 987 1813 τε
1012 1773 1159 1812 καὶτὸν
1175 1775 1380 1824 Δομίτιον,
1405 1779 1510 1812 πάν-

188 1839 260 1871 τας
286 1822 328 1863 δὲ
353 1827 419 1863 καὶ
444 1822 534 1870 τούς
559 1821 785 1870 ἕκτεθέντας
811 1822 850 1862 ἔν
877 1827 958 1871 τοῖς
975 1825 1232 1875 λευκώμασιν,
1258 1824 1362 1872 ἣκαῑ
1379 1823 1511 1871 ἄλλως

189 1888 276 1921 πως
301 1874 360 1924 τῷ
384 1887 425 1912 τε
450 1874 619 1926 Βρούτῳ
645 1876 710 1911 καῖ
735 1873 795 1923 τῷ
818 1875 986 1924 Κασσίῳ
1013 1874 1405 1923 συμπολεμήσαντας,
1445 1877 1511 1912 καῑ

189 1922 289 1974 μετὰ
315 1926 430 1962 τοῦτο
455 1924 504 1961 τὰ
530 1927 599 1961 τοῦ
618 1923 833 1962 Ἀντωνίου
857 1923 1098 1976 πράξαντας,
1131 1921 1429 1970 καταδέξασθαι
1453 1921 1506 1961 ἔτί

189 1971 317 2029 ἀδείᾳ.
351 1996 401 2002 ——
453 1981 534 2014 Quin
566 1982 698 2012 Sueton.
728 1981 800 2012 Oct.
832 1982 885 2013 13.
939 1982 1112 2012 Caesarem
1143 1981 1269 2012 scribit:
1306 1990 1510 2018 „successum

190 2026 349 2057 victoriae
370 2026 498 2056 minime
519 2025 715 2056 moderatum
739 2035 826 2063 esse,
866 2025 923 2056 sed
953 2027 1058 2066 capite
1079 2026 1168 2056 Bruti
1191 2025 1323 2056 Romam
1344 2026 1450 2063 misso,
1473 2028 1510 2056 ut

189 2073 317 2100 statuae
332 2070 484 2100 Caesaris
507 2070 755 2107 submitteretur,
779 2070 811 2099 in
836 2069 1122 2109 splendidissimum
1134 2078 1297 2109 ‚quemque
1313 2070 1508 2110 captivorum

190 2124 252 2145 non
275 2115 345 2145 sine
367 2115 535 2145 verborum
559 2114 748 2144 contumelia
770 2114 958 2144 saeviisse.”
1005 2115 1208 2154 Quantopere
1229 2113 1350 2144 Romae
1372 2113 1508 2144 omnium

190 2159 285 2189 animi
309 2159 454 2199 suspensi
485 2161 569 2188 metu
593 2159 744 2198 anxiique
775 2158 911 2195 fuerint,
950 2157 1120 2189 adventum
1144 2158 1285 2188 Caesare
1315 2158 1507 2197 proferente,

190 2203 380 2243 intelligitur
404 2212 443 2234 ex
467 2203 568 2234 Dione
592 2203 682 2232 Cass.
707 2203 759 2239 48,
785 2203 815 2233 3.
839 2219 883 2224 —
914 2203 1027 2233 Senec.
1051 2202 1091 2232 de
1114 2202 1203 2232 clem.
1227 2201 1259 2238 1,
1282 2201 1335 2232 10.
1384 2202 1507 2242 Ignovit

189 2248 311 2278 abavus
343 2250 416 2278 tuus
447 2247 560 2285 victis3
598 2257 670 2278 nam
692 2247 719 2277 si
743 2255 803 2278 non
826 2246 1012 2286 ignovisset,
1036 2247 1148 2287 quibus
1169 2246 1379 2287 imperasset?

278 2314 339 2354 47)
362 2313 552 2345 Maecenate
575 2312 795 2344 intercedente
825 2312 858 2342 id
883 2313 1001 2343 sactum
1025 2322 1097 2343 esse
1120 2312 1219 2342 tradit
1242 2312 1347 2343 Schol.
1369 2311 1441 2342 Acr.
1465 2312 1506 2341 ad

190 2358 240 2389 od.
264 2358 296 2396 1,
319 2358 350 2390 1.
374 2359 406 2390 2.
454 2358 630 2396 „Quoniam
653 2367 724 2388 eum
756 2366 775 2387 a
800 2356 899 2388 caede
922 2358 1088 2394 liberavit,
1119 2357 1217 2387 Bruto
1241 2366 1261 2387 a
1284 2357 1426 2387 Caesare
1449 2365 1505 2386 su—

189 2406 320 2442 perato,
359 2403 410 2434 vel
434 2404 507 2443 quia
531 2412 587 2443 per
610 2404 712 2442 ipsum
736 2401 889 2432 liberatus
914 2405 963 2432 est
985 2401 1169 2441 indulgente
1191 2401 1251 2431 sibi
1276 2401 1435 2440 Augusto.
1474 2407 1505 2430 ct

190 2448 288 2478 multa
317 2448 412 2478 etiam
436 2447 481 2477 illi
505 2447 635 2478 donavit
658 2447 839 2481 Maecenas,
864 2447 983 2476 amicus
999 2446 1132 2485 Augusti
1157 2445 1337 2476 Caesaris.''
1382 2445 1505 2484 Perpe-

191 2500 268 2521 ram.
308 2492 369 2534 Ipsi
402 2492 484 2524 enim
509 2491 689 2524 Maecenati
712 2490 865 2521 Horatius
896 2491 986 2522 initio
1011 2491 1133 2522 demum
1163 2490 1237 2521 anni
1261 2499 1291 2522 u.
1316 2500 1342 2520 c.
1367 2489 1430 2521 71:
1455 2489 1505 2520 iu·

192 2536 304 2566 notuit.
