1659 2948
1125 590 1178 612 seq

612 818 664 879 C
697 809 766 878 'A
804 820 878 878 P.
958 821 1044 878 ΙΙ.

249 950 296 982 De
318 949 514 992 temporibus
537 949 651 991 quibus
675 950 862 981 Sermonum
885 949 957 980 libri
981 949 1093 991 scripti
1118 951 1151 981 et
1174 947 1252 981 editi
1275 948 1403 981 fuerint.

772 1110 808 1162 ξ.
839 1112 873 1149 1.

262 1185 361 1218 Liber
384 1187 571 1218 Sermonum
594 1185 714 1226 primus
737 1194 820 1216 anno
844 1194 875 1216 u.
899 1194 926 1215 c.
949 1183 1026 1215 719.
1049 1182 1246 1216 monobiblos
1270 1182 1386 1215 editus.

159 1272 362 1332 Omnium
388 1307 488 1344 quae
515 1294 672 1343 quidem
699 1297 866 1332 aetatem
890 1295 1062 1331 tulerunt
1087 1293 1239 1331 Horatii
1268 1295 1489 1342 poematum

156 1370 357 1395 numerum
377 1369 451 1394 uno
472 1357 609 1394 obtutu
635 1357 685 1394 ad
711 1360 886 1405 tempora
904 1355 1120 1393 definienda
1136 1354 1386 1403 perlustranti
1410 1364 1489 1389 non

156 1421 286 1468 potest
319 1429 396 1455 non
430 1420 581 1463 gratum
615 1421 891 1466 acceptumque
926 1429 1033 1468 esse,
1069 1418 1173 1465 quod
1198 1416 1321 1464 ipsius
1348 1417 1488 1464 poetae

156 1479 378 1516 testimonio
396 1481 633 1525 compertum
660 1477 866 1527 habemus,
893 1479 1106 1516 Sermones
1131 1478 1298 1525 primum
1324 1477 1487 1525 scriptos

157 1542 196 1577 et
221 1540 347 1577 editos
375 1550 472 1576 esse.
525 1538 624 1575 Nam
652 1550 738 1575 cum
765 1539 868 1574 dicat
894 1539 935 1573 in
961 1539 1037 1574 Sat.
1068 1539 1104 1587 1,
1131 1539 1165 1573 4.
1193 1539 1242 1574 39
1260 1549 1338 1585 sq.:

352 1600 522 1639 Primum
565 1609 636 1645 ego
679 1610 740 1635 me
782 1599 955 1649 illorum⁷
999 1597 1172 1636 dederim
1215 1599 1357 1647 quibus
1400 1610 1486 1635 esse

684 1660 832 1709 poetis,

352 1723 570 1770 Excerpam
596 1732 776 1758 numero:
802 1732 928 1769 neque
956 1720 1058 1757 enim
1076 1719 1304 1757 concludere
1329 1730 1486 1756 versum

351 1783 510 1821 Dixeris
539 1794 626 1819 esse
655 1783 771 1832 satis,
799 1793 926 1830 neque
951 1783 988 1818 si
1012 1783 1104 1829 quis
1127 1782 1298 1830 scribat,
1325 1782 1385 1818 uti
1409 1791 1485 1820 nos

352 1846 536 1881 Sermoni
558 1845 774 1892 propiora,
798 1848 917 1889 putes
943 1843 1051 1879 hunc
1077 1853 1166 1879 esse
1188 1846 1361 1889 poetam.

354 1904 557 1951 Ingenium
584 1903 645 1940 cui
673 1903 744 1952 sit,
772 1902 834 1938 cui
859 1912 967 1938 mens
995 1902 1161 1938 divinior
1186 1904 1301 1949 atque
1327 1913 1371 1939 os

351 1966 495 2011 Magna
522 1966 767 2013 sonaturum,
795 1963 863 2000 des
888 1963 1055 1999 nominis
1081 1962 1195 2010 hujus
1222 1963 1418 2000 honorem.

153 2030 192 2064 et
218 2027 294 2064 Sat.
324 2026 367 2076 1,
397 2027 455 2063 10.
484 2026 566 2063 46.:

351 2089 439 2126 1100
463 2092 563 2136 erat,
592 2088 752 2135 experto
778 2086 921 2122 frustra
946 2086 1116 2124 Varrone
1142 2085 1307 2123 Atacino

350 2149 479 2197 Atque
490 2148 720 2196 quibusdam
735 2147 832 2197 aliis,
848 2148 991 2185 melius
1003 2149 1112 2197 quod
1122 2147 1296 2184 scribere
1304 2156 1477 2196 possem,

350 2210 555 2247 Inventore
582 2210 741 2259 minen,

153 2283 241 2308 eum
273 2271 518 2308 manifestum
553 2273 612 2306 est
646 2270 736 2307 solis
772 2269 1011 2306 sermonibus
1046 2268 1198 2317 scriptis
1226 2270 1265 2306 et
1291 2268 1478 2315 evulgatis

153 2335 235 2370 tum
250 2344 337 2370 cum
352 2332 448 2369 haec
466 2331 652 2369 scriberet
668 2331 895 2380 innotuisse,
921 2341 1047 2378 neque
1064 2332 1132 2367 aut
1147 2329 1314 2380 jambos,
1343 2330 1476 2366 etiam-

155 2393 189 2429 si
212 2396 310 2430 forte
331 2393 413 2439 jam
438 2392 708 2442 composuerit,
734 2391 879 2440 publici
901 2391 1000 2437 juris
1019 2391 1156 2428 fecisse
1182 2393 1249 2428 aut
1274 2390 1476 2438 scripsisse

154 2454 274 2500 lyrica
306 2454 475 2491 carmina
508 2450 584 2507 (cf.
619 2453 773 2490 Kirchn.
809 2454 956 2501 quaest.
991 2463 1028 2500 p.
1064 2453 1098 2489 5.
1133 2448 1311 2504 §.11.).
1363 2449 1476 2493 Quod

154 2514 473 2562 quemadmodum
498 2526 544 2551 ea
567 2514 727 2563 insuper
751 2526 793 2550 re
819 2512 1108 2562 comprobatur,
1145 2513 1248 2561 quod
1271 2511 1475 2550 Horatium

154 2575 320 2624 primum
354 2576 646 2615 contumeliosos
681 2586 814 2614 vorsus
848 2574 986 2613 fecisse
1022 2573 1181 2613 scimus:
1223 2573 1280 2611 ita
1311 2571 1472 2611 ulterius
