1643 2959
616 168 904 213 -217-

96 283 137 318 et
160 280 299 318 Raetia
324 291 395 329 per
419 282 558 319 Nilum
583 283 625 318 et
649 282 801 320 Istrum
827 280 1101 330 significantur,
1128 281 1169 317 et
1184 289 1271 317 cum
1288 290 1321 317 a.
1342 281 1426 319 734.

94 343 328 382 Armeniisa
344 344 509 387 Caesare
536 344 724 390 TIgranes
750 355 823 380 rex
850 343 964 380 datus
999 345 1039 379 et
1064 353 1088 379 a
1115 341 1272 380 Tiberio
1298 341 1340 378 in
1368 353 1429 379 re-

95 415 214 451 gnum
241 404 429 442 deductus
457 407 562 441 esset
601 401 699 458 (Dio
726 405 797 455 54,
833 405 867 442 9.
902 405 995 442 Hor.
1022 405 1136 452 epist.
1173 404 1216 454 1,
1246 403 1304 441 12.
1331 400 1429 457 27.),

95 466 227 515 Tiqris
253 476 407 515 quoque
433 467 573 504 fluvius
598 467 829 516 Auqustum
854 468 999 504 mirari
1025 466 1178 516 dicitur,
1206 467 1300 514 quin
1325 465 1367 502 in
1391 477 1429 502 v.

95 528 154 566 47.
180 528 266 576 ipse
293 528 483 566 Oceanus
515 529 734 579 belluosus,
769 529 836 577 qui
861 528 1020 564 remotis
1046 528 1258 565 Britannis
1282 526 1432 564 obstre-

93 592 183 639 pat,
211 590 315 638 quod
342 589 383 626 hi
408 590 623 628 identidem
649 590 699 627 ad
725 591 943 637 Augustum
976 589 1124 636 legatos
1152 589 1338 626 miserant
1364 584 1433 639 (cs.

94 652 158 688 od.
198 652 249 702 3,
297 652 334 688 5.
374 651 409 688 3.
450 652 607 690 Passov.
646 652 714 689 vit.
750 654 830 689 not.
859 648 978 705 249).
1042 650 1088 688 In
1126 651 1188 689 his
1230 651 1434 688 Horatium

94 713 210 750 fidem
249 713 475 750 historicam
500 724 580 750 non
604 713 794 760 migrasse
836 715 923 763 ipso
957 714 1137 750 mirandi
1168 713 1290 750 verbo
1317 712 1435 749 effici·

93 777 169 812 tur.
223 775 424 812 Postremo
459 778 576 823 poeta
602 777 901 812 commemorata
928 774 1071 812 Gallia
1097 776 1138 811 et
1163 775 1303 812 Iberia
1329 773 1433 810 unde

92 836 293 882 Augustus
335 835 446 872 brevi
487 838 578 872 ante
619 835 791 872 redierat
843 847 930 872 cum
973 834 1127 871 delectu
1172 837 1435 873 subactorum

92 897 413 947 Syqambrorum
438 896 676 933 mentionem
703 897 808 946 facit,
836 895 980 944 quippe
1008 905 1104 944 quos
1131 896 1217 943 ipse
1235 897 1435 943 Augustus

93 968 129 995 a.
158 957 244 994 738.
282 957 546 995 debellaverat
578 958 712 995 nescio
741 958 917 995 dicamne
952 968 1004 994 an
1040 960 1249 1006 pacaverat
1275 954 1346 1010 (ef.
1371 957 1434 995 od.

94 1020 132 1070 4,
159 1019 195 1056 2.
224 1016 320 1072 36.).

194 1081 255 1119 Ita
282 1081 378 1118 haec
404 1082 535 1118 omnia
567 1081 735 1128 Augusti
768 1080 952 1118 laudandi
986 1090 1125 1117 caussa
1164 1080 1309 1129 scripta
1349 1091 1436 1118 esse

94 1142 272 1179 videmus
299 1145 382 1179 tum
408 1153 495 1179 cum
521 1146 612 1191 post
644 1143 761 1180 trium
788 1153 976 1180 annorum
1010 1141 1226 1179 absentiam
1260 1142 1373 1179 initio
1399 1153 1435 1179 a.

95 1204 181 1241 741.
218 1204 381 1242 Romam
414 1205 609 1242 rediisset.
662 1205 790 1252 Atque
830 1204 887 1240 ita
926 1206 1145 1241 statuerunt
1172 1214 1305 1241 omnes
1333 1203 1437 1252 quod

96 1266 217 1303 sciam
256 1266 514 1316 interpretes,
556 1266 674 1303 etiam
700 1267 871 1302 Masson.
899 1266 967 1302 vit.
996 1266 1088 1303 Hor.
1117 1276 1153 1313 p.
1181 1266 1267 1302 333.
1296 1268 1337 1302 et
1362 1265 1437 1303 348

95 1338 154 1376 sq.
180 1327 272 1365 Jani
305 1328 438 1375 templ.
474 1339 512 1376 p.
543 1328 614 1364 175
640 1338 721 1378 sq.‚
766 1328 911 1365 Grotef.
955 1339 995 1377 p.
1023 1327 1108 1364 475.
1137 1326 1174 1364 b.
1212 1329 1251 1363 et
1277 1327 1435 1365 Kirchn.

97 1391 247 1438 quaest.
277 1400 314 1437 p.
343 1389 404 1426 32.
432 1386 469 1439 ξ.
497 1390 559 1426 60.
588 1392 628 1426 et
654 1390 715 1426 61.

195 1451 299 1488 Ante
327 1451 435 1488 illum
460 1451 589 1500 ipsum
616 1451 808 1501 reditum,
850 1461 938 1488 cum
976 1453 1136 1499 praeter
1174 1450 1436 1500 exspectatio·

97 1522 188 1550 nem
211 1514 386 1550 nimium
412 1516 483 1551 diu
509 1513 700 1551 abfuisset
726 1514 926 1559 Augustus

298 1576 513 1612 Μαῖαν-ατη
537 1574 707 1611 reditum
733 1574 927 1623 pollicitus
953 1574 1110 1612 Patrum

365 1636 507 1674 Sancto
525 1636 703 1686 concilio,

99 1699 287 1748 scriptum
314 1701 375 1735 est
401 1697 644 1734 cambum
669 1697 727 1733 V·
774 1697 920 1748 „Divis
945 1701 1031 1736 orte
1057 1696 1201 1735 ὀπὶ-ς’)
1234 1695 1339 1734 haud
1365 1696 1435 1734 du-

99 1760 164 1797 bie
190 1771 225 1797 a.
253 1760 338 1796 740.
391 1760 493 1797 Nam
519 1770 605 1797 cum
629 1760 829 1806 Augustus
856 1760 981 1796 tribus
1008 1759 1203 1806 prioribus
1237 1757 1437 1795 mensibus

101 1832 136 1858 a.
165 1821 251 1858 741.
277 1821 506 1871 reverterit,
545 1821 838 1858 verisimile-fit
870 1821 953 1867 jam
986 1821 1098 1858 initio
1125 1819 1300 1866 ejusdem
1327 1830 1360 1856 a.
1388 1819 1438 1857 de

101 1883 280 1932 proximo
313 1883 559 1931 imperatoris
600 1882 729 1919 reditu
761 1881 907 1919 Romae
941 1882 1174 1919 constitisse.
1227 1882 1311 1919 Hoc
1343 1893 1439 1919 vero

102 1955 259 1982 carmen
284 1955 372 1982 cum
399 1944 645 1993 scriberetur,
671 1943 843 1980 nondum
870 1955 960 1993 spes
986 1944 1060 1981 fuit
1085 1945 1166 1980 fore
1193 1945 1237 1980 ut
1262 1953 1353 1981 mox
1369 1942 1437 1980 ad-

101 2008 291 2044 ventaret.
342 2007 447 2054 Ergo
473 2006 682 2043 antecessit
707 2016 851 2042 annum
875 2005 962 2042 741.
1014 2005 1168 2043 Deinde
1193 2016 1281 2042 cum
1305 2005 1439 2054 Augu-

101 2070 187 2106 stus
211 2069 385 2106 nimium
411 2071 482 2106 diu
507 2069 646 2105 abesse
673 2067 845 2118 dicatur,
873 2070 914 2105 et
938 2079 994 2105 vs.
1022 2067 1085 2104 26.
1113 2069 1153 2104 et
1178 2067 1262 2104 27.:

303 2130 400 2173 Quis
429 2131 637 2167 Germania
664 2140 760 2179 quos
787 2129 945 2167 horrida
970 2129 1138 2177 parturit

302 2193 424 2231 Fetus
450 2192 633 2230 incolumi
660 2189 854 2230 caesare&
881 2186 1081 2244 (paveat.)

104 2254 209 2293 haud
235 2253 352 2291 dubie
378 2255 468 2301 post
492 2253 613 2291 Drusi
638 2256 679 2290 et
704 2253 859 2291 Tiberii
879 2252 1062 2290 victorias
1089 2263 1123 2290 a.
1151 2252 1236 2289 739.
1263 2253 1436 2301 reporta-

104 2319 167 2354 tas
194 2315 329 2364 scripti
356 2315 454 2352 sint:
482 2326 630 2352 summo
647 2315 785 2364 opinor
804 2315 894 2362 jure
921 2325 1075 2352 carmen
1100 2325 1134 2351 a.
1152 2314 1238 2351 740.
1266 2314 1438 2361 assigna-

105 2380 181 2416 tur.
231 2378 354 2426 quue
379 2377 526 2425 placuit
557 2377 742 2414 Massono
777 2373 864 2428 (vit.
891 2377 984 2414 Hor.
1011 2388 1049 2425 p.
1076 2376 1162 2414 341.
1187 2376 1277 2414 Jani
1303 2375 1434 2423 templ.

107 2450 256 2489 res-p.
291 2440 352 2477 99.
390 2434 519 2491 100.),
561 2437 799 2476 Grotefendo
837 2434 897 2491 (p.
926 2438 1011 2475 476.
1039 2436 1098 2492 a.)
1141 2440 1180 2476 et
1221 2436 1435 2475 Kirchnero

107 2496 279 2552 (quaest.
315 2512 353 2551 p.
387 2501 449 2538 32.
485 2498 522 2552 §.
550 2496 647 2552 60.).
698 2500 861 2539 Temere
903 2500 1149 2539 Tou-entium
1187 2500 1228 2535 et
1264 2497 1435 2535 Fabrum

108 2561 224 2600 odam
249 2563 300 2600 ad
325 2575 360 2601 a.
389 2563 474 2600 730.
501 2562 680 2601 retulisse
708 2562 848 2600 docent
873 2574 930 2600 vs.
958 2562 1005 2602 21
1035 2573 1114 2611 sq.‚
1149 2561 1190 2599 in
1215 2559 1356 2608 quibus
1380 2559 1435 2598 le-
