1643 2959
571 262 626 268 *-
667 239 747 282 161
792 263 847 268 --

52 351 298 390 Deliberatur
323 350 364 387 in
390 350 533 387 Senatu
559 344 682 401 (anno
694 346 816 404 731.).
867 351 955 388 Non
971 351 1135 389 traditur
1151 352 1366 403 Teridates,

53 413 123 450 sed
146 412 354 449 remittitur
387 411 486 447 filius
511 410 687 448 Phraatis
721 423 768 449 ea
793 411 1033 463 conditione,
1067 415 1110 450 ut
1137 414 1245 461 signa
1270 414 1368 450 mili-

50 474 150 510 taria
176 476 216 509 et
241 472 384 521 captivi
415 472 469 508 M.
499 472 637 509 Crasso
671 474 711 508 et
729 472 788 509 M.
815 473 984 510 Antonio
1010 473 1189 523 adempta
1213 475 1369 512 restitu-

51 536 208 571 erentur
234 530 331 584 (Dio
358 533 429 583 53,
456 533 515 569 33.
542 532 683 569 Justin.
708 533 734 569 1.
761 534 786 570 l.
814 535 859 570 cf.
885 535 974 571 Tac.
1000 535 1138 572 Annal.
1164 536 1208 586 2,
1237 534 1370 589 1.).-

49 595 185 643 Itaque
218 595 402 632 Horatius
436 605 470 631 a.
505 593 590 630 729.
624 593 725 630 bella
757 593 984 632 Parthorum
1018 595 1145 632 civilia
1170 596 1370 645 aptissime

50 659 257 704 propterea
290 655 417 704 potuit
448 657 629 704 tangere,
664 656 707 690 ut
737 655 1001 693 Maecenatem
1034 667 1058 693 a
1090 657 1209 693 nimia
1242 668 1370 694 rerum

51 717 291 765 publicarum
325 727 418 753 cura
452 715 730 752 dehortaretur.
782 717 895 753 Hunc
929 717 1031 754 enim
1064 729 1110 754 eo
1143 717 1230 765 ipso
1255 729 1370 767 anno,

51 789 127 827 quo
152 779 351 824 Augustus
377 776 548 812 nondum
573 775 763 826 redierat,
797 777 1005 814 verisimile
1040 780 1101 814 est
1132 778 1219 814 urbi
1251 779 1371 815 fuisse

50 841 308 888 praefectum,
345 848 420 885 quo
455 846 613 872 munere
641 835 723 880 jam
756 847 790 872 a.
818 837 902 873 718.
930 839 1015 874 723.
1044 841 1082 875 et
1107 839 1192 875 724.
1219 840 1371 876 functus

51 902 144 936 erat.
200 899 441 945 Quamquam
466 897 522 932 nil
548 896 620 932 hae
647 895 694 932 de
720 906 762 932 re
789 907 813 932 a
838 898 1088 945 scriptoribus
1114 902 1289 935 notatum
1314 899 1373 935 in-

49 960 176 997 venio.
229 958 307 997 Sed
338 959 467 1007 ipsum
499 956 702 994 Horatium
734 956 860 993 habeo
894 959 1052 1008 testem,
1087 958 1153 1007 qui
1185 959 1227 996 in
1257 970 1371 996 carm.

49 1022 99 1071 3,
133 1021 194 1058 29.
229 1019 334 1058 haud
370 1018 486 1055 dubie
521 1018 668 1055 aestate
702 1017 793 1054 anni
827 1017 912 1055 729.
948 1021 1105 1057 exarato
1138 1019 1194 1057 ita
1220 1019 1374 1070 scripsit

49 1094 86 1119 v.
113 1082 173 1119 25.
203 1092 282 1130 sq.:

248 1143 308 1180 Tu
334 1142 530 1179 civitatem
556 1140 642 1188 quis
669 1140 803 1178 deceat
829 1143 951 1178 status

251 1204 393 1252 Curas,
421 1204 461 1238 et
485 1201 581 1238 Urbi
608 1201 791 1238 sollicitus
818 1202 951 1252 times,

316 1263 420 1306 Quid
443 1264 561 1300 Seres
587 1264 626 1298 et
650 1268 822 1311 reynata
852 1264 954 1313 Cyro

364 1324 517 1362 Bactra
527 1328 686 1373 parent,
711 1325 943 1373 Tanaisque
968 1326 1129 1362 discors.
1147 1325 1375 1376 [Scythicus

579 1387 723 1422 amnis.
751 1385 813 1422 od.
841 1385 877 1434 3,
905 1386 939 1421 4.
967 1381 1051 1438 36.)

48 1449 177 1496 Atque
204 1447 469 1484 Maecenatem
503 1447 659 1491 longum
692 1448 844 1493 tempus
873 1447 1048 1483 Caesaris
1082 1447 1256 1496 partibus
1290 1448 1376 1483 fun-

51 1512 155 1546 ctum
182 1520 268 1545 esse
295 1511 442 1545 certum
468 1509 527 1544 est
554 1503 623 1559 (cf.
650 1507 728 1543 Dio
764 1507 832 1556 49,
870 1507 928 1544 16.
956 1507 1025 1557 51,
1061 1509 1097 1545 3.
1124 1509 1193 1558 55,
1222 1508 1256 1544 7.
1284 1508 1372 1545 Tac.

50 1571 151 1607 Ann.
192 1570 237 1619 6,
279 1570 339 1606 11.
373 1569 469 1605 Veli.
505 1568 547 1618 2,
582 1566 687 1619 88.).
722 1588 773 1595 —-
829 1568 948 1605 Porro
975 1572 1155 1620 apparet,
1191 1578 1266 1617 quo
1287 1569 1376 1615 Jure

48 1631 230 1668 Horatius
259 1629 476 1677 scripserit:

247 1692 346 1728 Jam
370 1691 540 1740 Scythae
566 1692 666 1728 laoeo
692 1692 937 1728 meditantur
963 1701 1065 1729 arcu

584 1752 731 1789 Cedere
757 1754 919 1800 campis.

49 1817 150 1854 Nam
175 1816 218 1850 ut
243 1814 285 1850 in
311 1824 424 1850 carm.
452 1813 489 1862 3,
516 1813 577 1849 29.
630 1814 826 1850 Tanaitas
851 1815 1054 1850 discordes
1078 1814 1285 1862 memorat,
1320 1813 1376 1849 ita

51 1877 114 1913 hic
140 1875 308 1921 Scythas
334 1874 516 1920 intelligit
539 1884 618 1910 non
643 1874 754 1922 Istri,
784 1873 851 1909 sed
879 1875 1031 1910 Tanais
1058 1875 1237 1923 accolas,
1270 1874 1376 1910 Sar-

49 1942 203 1986 macas,
237 1936 467 1973 Parthorum
502 1935 626 1971 socios
663 1930 832 1983 (Justin.
861 1934 930 1983 42,
960 1935 994 1970 5.
1023 1932 1059 1984 §.
1087 1930 1176 1987 5.),
1213 1935 1376 1984 „auditu

49 1999 165 2036 modo
192 1996 404 2046 cognit0s22,
431 1997 474 2032 ut
491 1995 545 2031 ait
571 1996 725 2032 Sueten.
753 1995 851 2041 Aug.
872 1996 947 2045 21.,
976 2006 1071 2043 quos
1089 1995 1242 2041 egregie
1268 1995 1377 2041 fingit

50 2071 157 2097 arma
184 2058 432 2107 deposuisse,
461 2068 547 2093 cum
571 2057 790 2103 Augustum
816 2059 905 2104 post
921 2057 1113 2094 Teridatis
1140 2057 1268 2102 fugam
1285 2057 1375 2092 Par-

49 2121 241 2158 thicarum
265 2130 395 2156 rerum
421 2118 607 2154 arbitrum
632 2119 774 2154 factum
801 2129 886 2154 esse
912 2118 1204 2155 intellexissent.
1257 2117 1376 2153 Deni-

52 2192 126 2229 que
152 2182 258 2229 ipsos
286 2189 438 2228 quoque
472 2179 563 2216 Istri
598 2180 747 2217 accolas
781 2180 887 2216 susos
915 2181 1143 2228 fugatosque
1171 2189 1256 2214 esse
1283 2177 1376 2215 scri-

51 2242 109 2279 bit
132 2254 169 2279 v.
199 2242 279 2279 18.:

248 2302 400 2341 Occidit
423 2304 529 2340 Daci
559 2304 751 2342 Cotisone's
778 2315 933 2352 aqmen.

53 2363 191 2401 Merito
219 2375 323 2400 sane.
375 2363 475 2400 Nam
495 2363 577 2410 jam
603 2375 637 2401 a.
665 2365 750 2401 725.
801 2366 854 2401 Μ.
884 2366 1044 2402 Crassus
1070 2364 1211 2413 Dacos,
1241 2364 1373 2412 Getas,

53 2423 278 2475 Bastarnas,
309 2425 501 2474 Gelonos,
529 2425 697 2462 Thraces
716 2425 886 2473 aliasque
914 2428 1047 2471 gentes
1065 2425 1211 2461 vicinas
1238 2425 1293 2460 ita
1318 2424 1374 2458 vi-

55 2487 185 2540 cerat,
205 2488 249 2522 ut
274 2486 511 2535 triumphum
538 2486 759 2534 deportaret
785 2481 853 2538 (cf.
882 2497 968 2534 pag.
999 2482 1117 2538 156.).
1169 2485 1269 2522 Hinc
1297 2485 1372 2519 Ge-

53 2545 133 2581 loni
157 2545 271 2584 inod.
289 2548 333 2597 2,
360 2548 395 2585 9.
418 2549 558 2598 „intra
596 2549 890 2596 praescriptum
916 2550 1078 2597 eoeiyuis
1104 2546 1280 2594 campis⁷⁷
1319 2544 1376 2581 di-

55 2608 192 2643 cuntur
221 2611 410 2656 equitare.

1062 2667 1106 2704 11
