1643 2959
684 219 962 261 —141—

154 333 214 369 50.
243 351 294 359 —·
318 330 368 368 ad
396 341 491 368 ann.
521 331 624 367 732.
660 332 750 378 post
782 330 1009 366 Massonum
1043 326 1132 381 (vit.
1168 339 1207 376 p.
1235 326 1484 380 233—248.)

154 394 410 441 interpretum
426 393 685 428 recentiorum
702 391 872 441 plurimi,
900 391 1002 440 Jani,
1030 388 1258 440 Mitscherl.,
1284 390 1484 439 Doering.,

154 454 372 504 Vanderb.,
398 454 502 502 Leps
528 454 552 490 l.
579 454 604 490 l.
633 465 671 501 p.
701 454 758 501 4.‚
786 454 943 489 Passov.
971 452 1039 488 vit.
1067 454 1147 488 not.
1175 452 1260 489 259.
1288 447 1420 504 (731.)
1447 454 1486 488 et

153 516 353 553 Kirchner.
392 515 433 551 in
473 516 622 563 quaest.
657 526 695 562 p.
733 514 768 550 8.
812 512 849 564 ξ.
892 513 949 550 IS.
1016 513 1217 550 Falluntur
1242 514 1304 553 *hi
1351 524 1486 551 omnes

155 578 197 614 in
236 589 304 627 eo,
349 576 453 625 quod
496 576 719 624 primariam
753 575 916 612 rationis
952 586 1128 611 caussam
1155 587 1179 612 a
1203 577 1363 612 naturae
1397 586 1487 624 pro-

156 639 273 684 digiis
310 650 409 687 quae
437 639 786 675 commemorantur
821 637 967 673 ducunt
1006 639 1046 673 et
1071 637 1127 673 ita
1154 637 1319 687 ducunt,
1359 639 1404 673 ut
1427 637 1487 673 in-

155 701 309 738 solitam
334 700 449 746 hujus
475 701 628 736 illiusve
656 699 747 735 anni
774 701 1067 748 tempestatem,
1104 699 1227 746 qualis
1255 699 1303 735 ab
1331 697 1487 735 histori-

154 763 210 799 cis
237 762 439 810 pingatur,
475 761 525 797 ad
552 761 736 796 amussim
772 760 1025 807 descriptioni
1058 760 1294 797 Horatianae
1327 771 1488 808 respon-

155 823 246 859 dere
275 823 539 858 demonstrent
565 842 615 848 —
640 822 754 868 plane
781 822 1047 871 immemores,
1083 832 1156 859 nec
1189 821 1384 860 historicis
1419 821 1488 858 tali

153 884 195 921 in
221 894 263 920 re
290 883 405 920 fidem
431 882 649 919 habendam
676 894 762 920 esse
790 884 1001 933 haberique
1028 896 1164 934 posse,
1198 896 1271 922 nec
1297 884 1489 932 poeticam

153 956 282 982 rerum
310 945 610 994 descriptionem
645 946 695 983 acl
722 947 926 983 veritatem
962 947 1092 983 datam
1126 958 1225 983 esse.
1277 947 1336 983 Eo
1361 946 1488 982 minus

153 1010 285 1044 autem
311 1008 489 1056 prodigia
516 1009 591 1044 ista
618 1008 827 1056 quidquam
862 1009 911 1045 ad
937 1011 1113 1057 tempora
1148 1008 1365 1045 definienda
1399 1018 1489 1044 con-

153 1071 254 1106 ferre
282 1060 471 1119 arbitror,
506 1081 581 1117 quo
616 1071 739 1116 magis
773 1070 868 1106 mihi
901 1081 1130 1117 persuasum
1157 1073 1237 1119 est,
1272 1071 1490 1107 Horatium

152 1142 236 1168 non
270 1136 543 1178 tempestatem
580 1134 762 1180 aliquam
798 1137 836 1170 et
869 1133 1021 1169 Tiberis
1062 1134 1371 1169 inundationem
1415 1134 1490 1168 tle-

151 1195 379 1241 scripsisse,
407 1204 515 1241 quae
541 1205 586 1231 eo
613 1199 807 1243 tempore,
834 1205 914 1242 quo
941 1205 1107 1231 carmen
1133 1196 1346 1241 scriptam,
1376 1194 1489 1229 acci-

152 1257 221 1304 dit,
247 1257 320 1292 sed
345 1266 395 1291 ea
421 1258 651 1302 respexisse
672 1260 874 1306 portenta,
900 1267 1008 1304 quae
1033 1257 1137 1292 Juliz·
1169 1255 1359 1292 Caesaris
1383 1264 1489 1291 mor-

150 1321 229 1353 tem
262 1321 404 1353 secuta
437 1321 535 1354 sunt
569 1328 680 1354 anno
711 1319 813 1355 710.
867 1317 981 1360 Quod
1015 1316 1230 1353 rectissime
1266 1327 1327 1352 me
1357 1315 1490 1361 judice

152 1377 389 1414 Scholiastae
432 1377 688 1414 observarunt
706 1375 757 1430 ³).
821 1379 1000 1416 Concedo
1043 1381 1200 1426 poetam
1243 1378 1327 1414 dira
1362 1377 1491 1425 aliqua

152 1441 407 1488 tempestate,
437 1450 535 1487 quae
562 1442 718 1487 praeter
743 1441 900 1477 modum
928 1452 1014 1477 cum
1040 1451 1180 1487 magna
1206 1440 1405 1476 hominum
1429 1450 1491 1475 re·

154 1512 316 1548 rumque
345 1503 472 1547 strage
502 1501 701 1550 saeviiset,
728 1513 774 1538 eo
802 1503 1011 1538 adductum
1039 1514 1138 1550 esse,
1165 1504 1210 1537 ut
1235 1502 1308 1537 hoc
1335 1510 1492 1537 carmen

153 1574 222 1599 suo
250 1563 291 1599 in
317 1572 459 1608 genere
487 1573 646 1610 prorsus
675 1563 869 1609 singulare
898 1565 1158 1612 componeret.
1211 1563 1294 1600 Nec
1321 1563 1377 1599 ita
1402 1574 1490 1611 per-

152 1625 260 1660 tinax
295 1635 379 1661 sum
414 1624 456 1660 in
491 1624 731 1671 explicandis
766 1638 822 1662 vs.
862 1626 1011 1661 l—-ll.
1072 1626 1126 1661 At
1160 1635 1357 1671 nunquam
1393 1624 1492 1672 eripi

150 1686 247 1722 mihi
273 1686 424 1734 patiar,
458 1696 516 1721 VS.
546 1685 592 1721 14
621 1697 678 1734 sq.
716 1687 763 1722 de
798 1687 948 1732 magnis
984 1686 1116 1735 aquis,
1153 1696 1252 1733 quae
1292 1698 1363 1734 per
1401 1696 1490 1722 ann.

152 1747 237 1783 710.
268 1747 326 1783 11.
355 1747 529 1796 fuerant,
566 1747 839 1794 intelligendos
867 1760 965 1784 esse.
1019 1747 1190 1784 Primum
1225 1747 1329 1782 enim
1365 1747 1399 1782 si
1425 1759 1491 1784 ve-

152 1819 237 1844 rum
265 1810 323 1844 est
352 1807 456 1855 quod
484 1820 601 1856 supra
629 1809 722 1859 dixi,
750 1811 876 1846 totum
902 1819 1057 1845 carmen
1084 1809 1125 1843 in
1152 1809 1338 1845 honorem
1365 1808 1492 1846 Octa-

151 1871 266 1906 viani
270 1897 286 1919 ,
309 1873 440 1917 patris
466 1872 609 1908 ultoris
615 1899 630 1919 2
658 1871 846 1918 scriptum
874 1882 982 1919 esse,
1011 1870 1196 1917 pleraque
1224 1881 1296 1917 per
1330 1881 1371 1906 se
1399 1882 1490 1907 con-

153 1933 381 1967 sentaneum
409 1933 467 1966 est
495 1931 543 1967 ad
569 1933 604 1967 J.
636 1932 812 1968 Caesaris
841 1932 1075 1968 occisionem
1102 1933 1287 1979 tanquam
1313 1931 1362 1968 ad
1389 1943 1491 1968 com-

152 2003 308 2028 munem
334 2003 463 2029 rerum
491 1992 687 2029 cardinem
712 1993 836 2030 relata
862 2004 960 2030 esse.
1014 1994 1113 2030 Tum
1139 1992 1345 2029 manifesto
1372 2005 1491 2042 appa-

245 2157 282 2197 3)
306 2156 409 2187 Recte
434 2156 623 2189 Grotcfend.
648 2168 679 2198 p.
705 2157 780 2189 467.
797 2167 846 2189 a.:
883 2157 981 2195 „Was
1014 2167 1076 2189 nun
1110 2157 1162 2188 die
1186 2157 1411 2198 Missdeutung
1434 2157 1491 2189 des

154 2200 316 2241 Ansanges
335 2203 430 2242 jener
455 2203 525 2233 Ode
549 2202 689 2240 bctrifft,
714 2213 749 2233 so
774 2203 830 2233 hat
851 2212 925 2234 man
950 2203 1038 2234 nicht
1060 2203 1228 2240 beachtet,
1254 2202 1339 2234 dass
1360 2203 1493 2234 Horaz

152 2247 251 2278 nicht
272 2246 466 2288 Prodiyien
492 2248 602 2279 Einer
624 2249 707 2280 Zeit
739 2248 826 2279 oder
857 2247 965 2280 Eines
997 2247 1102 2280 ortes
1133 2245 1317 2290 aal’za‘klt,
1353 2248 1492 2279 sondern

153 2291 207 2322 die
223 2292 431 2323 furchtbaren
448 2293 813 2332 Naturerscheinungen
830 2293 1080 2324 vcrschiedener
1096 2293 1328 2330 Jahreszeiten,
1346 2293 1492 2324 Sehnee-

154 2345 293 2375 massen,
316 2337 570 2377 Hagelschauer‚
593 2338 809 2377 Blitzschlage
833 2338 898 2368 und
922 2338 1173 2369 Wasserfluthen
1198 2337 1254 2368 des
1278 2347 1403 2377 ganzen
1425 2337 1492 2368 Er—

157 2379 338 2412 dem-undas
363 2384 459 2413 sowol
490 2383 537 2413 als
562 2382 620 2413 der
642 2382 843 2422 Hauptstadt
874 2392 932 2413 aus
964 2383 1022 2414 der
1050 2382 1331 2423 Vergangenheit,
1371 2383 1492 2413 welche

155 2425 242 2457 nicht
263 2427 350 2458 bloss
375 2427 442 2461 den.
460 2427 607 2458 Umsturz
633 2426 690 2457 des
714 2428 792 2457 rom.
818 2428 968 2465 Staates,
1003 2427 1141 2458 sondern
1177 2428 1234 2459 der
1264 2427 1349 2458 Wclt
1371 2427 1491 2458 Unter-

157 2478 242 2511 gang
263 2472 330 2502 und
352 2473 431 2503 aller
453 2471 573 2503 Volker
595 2471 817 2511 Vernichtung
840 2472 986 2511 drohten,
1011 2471 1161 2511 auffiihrt,
1186 2473 1246 2504 ebe
1270 2482 1305 2503 er
1321 2472 1421 2503 daran
1438 2472 1492 2503 die

157 2523 269 2553 grosse
291 2516 484 2548 Ueberschw
489 2526 635 2557 emmung
658 2516 780 2557 kniipst,
805 2517 926 2548 welche
943 2527 978 2548 er
994 2517 1093 2548 durch
1110 2518 1168 2548 das
1184 2517 1306 2553 Wort‚
1310 2517 1491 2553 ‚vidimus'‘

156 2558 205 2588 als
229 2558 286 2590 das
310 2562 435 2602 einzige
466 2562 647 2602 prodigium
671 2561 729 2592 der
753 2560 949 2618 Gegenwart
979 2563 1198 2594 bezeichnetl'
1231 2540 1314 2592 caet’.
1360 2561 1427 2593 Sed
1450 2561 1491 2593 de

157 2602 285 2635 Tiberis
308 2607 523 2638 exundatione
547 2616 640 2638 secus
663 2609 782 2638 statuo.
