1659 2948
707 203 985 246 ...11-

184 310 328 349 dabant
353 311 428 365 ²³),
455 313 538 351 tum
563 312 730 352 maxima
766 313 995 351 assiduitate
1028 313 1203 362 quamvis
1247 313 1341 352 dicis
1377 325 1514 353 caussa

183 373 234 409 M.
262 373 447 412 Brutus
477 370 550 427 ²⁴).
603 373 733 411 Verbo
757 375 993 422 significasse
1019 375 1205 426 sufficiet,
1229 375 1359 414 Attica
1386 375 1514 414 studia

182 433 232 469 ad
258 435 428 473 animum
452 435 599 483 pariter
625 437 741 483 atque
767 436 968 483 ingenium.
990 437 1135 484 egregii
1155 436 1310 483 juvenis
1336 437 1513 475 excolen-

182 494 287 545 dum,
314 496 642 545 conformandum,
669 497 951 534 emendandum
975 498 1081 536 haud
1104 498 1223 536 dubie
1238 498 1377 536 mirum
1394 508 1516 546 quan-

181 557 263 593 tum
297 558 517 596 contulisse.
579 557 725 601 Quidni
760 558 864 595 enim
904 560 988 595 tum
1021 559 1267 607 philosophia
1301 562 1341 596 et
1374 560 1514 599 iterato

181 619 460 667 exemplarium
487 620 734 669 Graecorum,
761 621 963 667 poetarum
978 619 1238 670 potissimum,
1255 621 1405 672 studio,
1433 623 1516 679 tum

181 679 368 717 nobilium
398 680 590 726 juvenum
610 680 872 717 familiaritate
899 682 939 717 et
965 680 1266 730 consuetudine,
1305 684 1388 719 tum
1411 681 1517 731 quod

182 751 336 789 „mores
362 740 564 777 hominum
586 740 793 778 multorum
810 741 910 777 vidit
936 744 976 778 et
995 741 1141 778 urbes⁷⁷
1163 741 1423 781 eruditionem
1437 744 1517 782 Ho-

180 801 269 836 ratii
281 827 291 850 ‚
328 800 447 837 animi
483 801 626 839 cultum
659 801 839 850 vitaeque
876 803 1088 839 eommunis
1123 802 1368 851 prudentiam
1401 805 1518 852 atque,

179 862 303 899 artem
336 864 489 899 auctam
515 864 554 899 et
579 863 849 911 amplificatam
883 875 969 901 esse
995 864 1205 901 verisimile
1233 864 1285 900 sit
1319 863 1438 914 adeo,
1473 867 1518 901 ut

180 921 229 958 ad
254 923 377 963 totius,
400 924 503 960 vitae
529 924 720 962 rationem
745 927 784 962 et
811 925 1095 963 institutionem
1119 925 1396 963 moderandam
1427 925 1518 963 huie

179 985 482 1031 peregrinationi
507 988 654 1035 optimo
674 986 763 1033 jure
789 987 937 1024 tribuas
964 999 1156 1025 summum
1173 987 1517 1035 gravissimumque

179 1048 427 1085 momentum.
479 1047 569 1096 Ipse
596 1049 753 1097 quidem
778 1049 952 1086 modeste
980 1049 1093 1086 dicit:

378 1108 568 1156 AdJecere
594 1110 719 1147 bonae
744 1110 859 1159 paulo
885 1110 971 1159 plus
1005 1111 1107 1148 artis,
1125 1110 1315 1148 Athenae.

179 1169 261 1206 Nee
288 1168 424 1207 dubito
449 1173 593 1222 tamen,
622 1172 716 1220 quin
741 1172 802 1208 his
828 1172 1053 1220 politiorem
1075 1172 1356 1209 humanitatem
1389 1173 1428 1210 et
1454 1183 1516 1209 ur-

178 1228 392 1269 banitatem
418 1232 714 1284 significaverit,
758 1243 835 1282 qua
870 1233 1084 1270 studiorum
1118 1232 1306 1271 curriculo
1333 1233 1517 1282 quodam-

179 1291 294 1330 modo
320 1295 435 1330 finem
459 1295 655 1343 imposuit.
710 1296 888 1332 Suaviter
913 1295 1017 1332 enim
1033 1306 1120 1332 cum
1146 1294 1187 1331 in
1211 1295 1296 1332 loeo
1323 1297 1433 1342 grato
1451 1295 1517 1332 de-

179 1353 375 1392 litesceret
396 1352 481 1409 ²⁵),
524 1357 669 1394 Romae
704 1358 896 1394 infaustae
938 1357 1027 1394 illae
1063 1358 1314 1405 tempestates
1358 1358 1518 1394 exortae

181 1417 283 1465 sunt,
310 1426 410 1463 quae
434 1418 519 1454 ficri
538 1430 617 1455 non
635 1421 789 1467 poterat
825 1418 920 1466 quin
937 1420 977 1455 et
994 1417 1214 1455 universam
1239 1418 1518 1467 rempublicam

181 1477 221 1511 et
247 1476 418 1522 singulos
454 1478 558 1514 cives
593 1479 934 1516 vehementissime
969 1481 1257 1517 commoverent
1292 1482 1332 1516 et
1366 1481 1517 1526 pertur-

181 1536 329 1573 barent.
381 1538 518 1585 Neque
546 1549 614 1574 eae
640 1550 720 1575 non
745 1539 955 1584 tetigerunt
980 1540 1195 1576 Horatium.
1248 1538 1403 1575 Etenim
1421 1539 1516 1575 Bru-

179 1599 242 1633 tus
270 1599 309 1634 et
337 1598 506 1648 Cassius,
537 1600 702 1636 Caesare
728 1598 826 1634 Idib.
855 1598 969 1634 Mart.
997 1610 1031 1635 a.
1060 1610 1097 1634 u.
1125 1610 1157 1634 e.
1185 1598 1270 1634 710.
1299 1598 1515 1649 interfecto,

179 1670 312 1698 mense
339 1660 475 1697 Sextili
501 1659 675 1706 ejusdem
702 1659 793 1696 anni
815 1655 877 1711 26)
906 1670 1036 1709 „nunc
1062 1661 1278 1696 metuentes
1304 1670 1412 1696 arma
1435 1661 1515 1697 An-

180 1723 292 1772 tonii,
318 1733 419 1759 nune
446 1721 496 1759 ad
522 1721 737 1768 augendam
764 1720 847 1768 ejus
882 1720 1070 1758 invidiam
1096 1720 1322 1758 simulantes
1359 1732 1401 1758 se
1436 1732 1514 1759 me-

270 1899 330 1937 23)
355 1897 425 1929 Cic.
449 1897 489 1928 de
512 1896 598 1928 offic.
621 1896 659 1934 1,
683 1896 716 1927 1.
755 1896 793 1932 2,
819 1896 850 1927 2.
890 1895 983 1932 8,·2.
1018 1895 1152 1934 (Quare
1174 1904 1363 1936 quamquam
1387 1904 1408 1926 a
1432 1896 1515 1926 Cra-

182 1943 270 1984 tippo
294 1946 414 1980 nostro,
438 1942 631 1982 principe
655 1941 776 1979 hujus
799 1940 1025 1971 memoria-e
1048 1940 1412 1980 philosophorum,
1436 1939 1516 1971 haec.

181 1992 224 2065 ἱῖἱ
237 1988 368 2065 ειέςιίὼιε
390 1987 503 2018 audire
525 1989 623 2027 atque
646 1985 794 2025 accipere
818 1983 973 2023 confido.)
998 1985 1036 2022 3,
1061 1985 1114 2016 33.
1137 1984 1195 2016 fin.
1217 1984 1259 2016 ad
1282 1984 1357 2016 sam.
1382 1984 1436 2022 12.
1459 1985 1515 2018 16.

226 2057 235 2072 ,
305 2055 313 2064 .

269 2102 330 2143 24)
354 2102 439 2134 Plut.
463 2102 552 2134 Brut.
570 2102 625 2135 24.
648 2093 840 2146 ἀιάχθεῖς
858 2090 917 2132 δ’ὁ
934 2093 1116 2146 Βροῦτος
1133 2090 1285 2132 ἐκεῖθεν
1309 2090 1365 2131 ἐπ’
1382 2092 1515 2142 Ἀθη«

180 2145 258 2185 νῶν
284 2145 402 2184 ἔπλει.
419 2144 648 2195 Λεξαμὲιόυ
677 2142 719 2184 δὲ
746 2146 815 2183 τοῦ
843 2142 970 2195 δήμου
997 2144 1222 2196 προθύμως
1248 2141 1367 2181 αὐτὸν
1393 2144 1515 2195 εὐφη-

180 2200 291 2247 μίαις
323 2198 389 2234 καῖ
421 2200 670 2248 ψηφίσμασι,
705 2193 862 2243 διῃτᾶτο
896 2194 968 2245 μὲν
1001 2193 1114 2246 παρὰ
1148 2193 1244 2245 ξένῳ
1278 2196 1372 2241 nvi,
1409 2194 1515 2234 Θεο-

181 2247 356 2297 μνήστου
375 2243 661 2297 δ’ἀκροιόμενος
686 2243 1065 2295 τοῦ’Λκαὸ“ημαϊκοῦ
1089 2247 1156 2283 καὶ
1173 2245 1416 2298 Κρατίππου
1443 2244 1517 2283 τοῦ

180 2298 509 2349 Περιπατητικοῦ,
534 2299 600 2335 καῖ
626 2297 942 2347 συμφιλοσοφῶν
966 2293 1093 2334 ἐδόκει
1117 2295 1366 2334 παντάπασιν
1382 2295 1515 2348 ἀργεῖν

181 2350 247 2387 καὶ
273 2345 487 2400 σχολάζειν.
515 2347 683 2401 ἔπραττε
710 2345 753 2386 δὲ
778 2345 830 2385 τὰ
854 2345 957 2398 πρὸς
982 2345 1050 2384 τὸν
1067 2347 1246 2396 πόλεμον
1261 2345 1512 2392 ἀνυπόπτως.

262 2423 330 2500 ἓό)
353 2422 458 2465 Epist.
482 2424 520 2461 2,
552 2423 584 2457 2..
609 2422 664 2455 46.
717 2420 835 2462 „Dura
868 2421 927 2454 sed
965 2430 1116 2454 emovere
1155 2422 1243 2454 loeo
1281 2431 1333 2453 me
1370 2423 1513 2463 tempora

184 2477 255 2508 gra
282 2470 334 2500 o.'

271 2535 331 2577 26)
355 2535 424 2569 Cic.
448 2535 490 2568 ad
512 2533 578 2569 Att.
602 2535 655 2575 16,
679 2535 712 2568 7.
758 2534 858 2568 Mass.
881 2534 939 2568 vit.
964 2545 994 2577 p.
1019 2534 1074 2567 44.
