1643 2959
650 205 933 248 —181—

128 317 204 355 Sed
236 316 378 364 largiar
412 316 605 364 Niphatae
640 317 796 354 nomine
821 334 872 346 ·-·
906 316 988 353 sive
1024 316 1182 353 fluvium
1220 317 1337 363 poeta
1374 317 1455 353 sive

127 381 298 416 montem
330 379 523 415 intellexit
555 397 606 407 ·-·
639 379 864 416 Armeniam
904 377 1156 424 significatam
1194 388 1292 414 esse.
1361 377 1457 415 Cum

126 441 361 477 Mantuanus
388 442 505 488 poeta
525 439 607 485 jam
634 451 667 476 a.
687 440 772 476 724.
801 439 995 476 consuetis
1015 438 1339 487 superlationibus
1363 449 1457 475 usus

126 501 174 538 de
200 501 395 539 Armeniis
429 501 659 549 Parthisque
693 501 874 539 subactis
909 501 1060 537 locutus
1089 500 1161 550 sit,
1189 500 1308 537 etiam
1333 500 1455 537 Hora-

125 563 222 599 tium
256 563 359 600 illius
391 563 569 608 vestigiis
603 562 850 599 insistentem
884 563 1131 599 manifestum
1158 564 1217 598 est
1242 572 1304 598 res
1331 571 1355 597 a
1379 561 1455 598 Ro-

124 624 249 661 manis
276 624 463 661 adversus
491 626 624 670 gentes
651 624 748 660 istas
776 626 928 673 gestas,
965 623 1117 660 etiamsi
1151 634 1200 659 ne
1228 633 1455 660 commemo-

122 686 272 722 ratione
314 685 472 733 quidem
507 685 646 730 dignae
681 687 833 735 essent,
869 685 1027 722 mirifice
1062 695 1204 731 augere
1241 687 1280 720 et
1320 684 1455 732 ampli·

123 749 237 785 ficare
272 747 447 795 potuisse
483 748 712 794 propterea,
747 749 791 782 ut
824 746 991 792 Augusti
1017 746 1155 782 honori
1188 745 1453 782 velificaretur.

123 809 180 845 Ac
215 807 418 855 quaerenti
452 806 570 854 mihi,
607 806 761 853 quando
796 807 844 842 ab
881 817 927 842 eo
954 807 1048 842 talia
1075 807 1219 854 scripta
1244 817 1331 843 esse
1356 807 1456 843 veri-

122 869 247 906 simile
275 868 347 916 sit,
387 867 535 903 nullum
562 869 715 913 tempus
743 867 871 914 aptius
898 866 1054 902 videtur
1087 878 1195 916 esse,
1231 878 1347 915 quam
1380 878 1456 915 quo

120 931 206 978 ipse
232 930 408 967 Parthos
413 956 428 977 ,
459 929 582 965 Seras
609 929 648 964 et
673 929 815 974 Indos,
820 928 928 974 justo
956 927 1120 964 domitos
1147 928 1344 977 triumpho
1371 924 1455 980 (od.

122 992 165 1041 1,
195 989 277 1044 12.)
305 992 345 1026 et
370 991 507 1027 Dacos
531 990 779 1039 Scythasque
806 989 985 1026 subactos
1012 985 1096 1042 (od.
1125 990 1170 1039 3,
1198 985 1256 1042 8.)
1291 989 1391 1026 dixit
1417 989 1453 1026 h.

120 1065 153 1089 e.
182 1064 253 1101 per
279 1063 313 1088 a.
337 1051 422 1087 729.
441 1053 480 1086 et
507 1050 592 1087 730.
647 1051 746 1086 Sane
774 1061 819 1086 eo
846 1053 1034 1100 tempore,
1062 1061 1139 1098 quo
1164 1051 1287 1088 Janus
1315 1061 1451 1087 secun-

121 1114 211 1150 dum
239 1112 490 1150 claudebatur
524 1113 564 1147 et
589 1111 789 1157 Augustus
816 1112 1082 1149 Parthicarum
1108 1112 1235 1149 litium
1262 1112 1454 1161 discepta-

119 1177 181 1212 tor
206 1176 328 1211 factus
357 1175 460 1222 erat,
496 1183 576 1209 non
603 1173 727 1209 solum
752 1175 921 1211 Medum
940 1173 1100 1220 flumen
1135 1173 1205 1210 sed
1230 1174 1349 1211 etiam
1374 1175 1454 1211 Νέ-

115 1237 259 1284 phates
284 1257 335 1263 —
361 1234 474 1282 quasi
508 1236 590 1271 toto
631 1235 790 1272 Oriente
831 1235 991 1271 subacto
1016 1257 1068 1263 —
1093 1235 1260 1271 minores
1298 1235 1455 1271 volvere

118 1297 285 1334 vortices
326 1295 403 1332 dici
438 1295 566 1343 potuit
601 1296 814 1344 aptissime.
875 1297 936 1333 De
972 1296 1131 1333 Gelonis
1165 1297 1211 1333 cf.
1248 1307 1346 1344 quae
1374 1296 1455 1333 dixi

118 1359 167 1395 ad
194 1358 256 1395 od.
288 1357 330 1406 1,
361 1356 417 1393 19.
445 1358 485 1392 et
511 1357 555 1406 3,
586 1356 644 1393 18.
697 1359 815 1395 Nova
842 1360 971 1394 autem
997 1358 1063 1395 illa
1087 1362 1258 1405 tropaea
1282 1358 1457 1407 Auqusti

116 1430 197 1456 non
237 1418 372 1455 dubito
408 1417 502 1465 quin
535 1417 741 1455 referenda
776 1419 854 1454 sint
887 1418 937 1454 ad
971 1429 1200 1466 prosperum
1235 1429 1454 1457 successum

118 1480 374 1518 Cantabricae
402 1478 663 1527 expeditionis
690 1482 782 1517 tunc
807 1480 937 1529 ipsum
963 1479 1013 1517 ad
1039 1481 1155 1517 finem
1180 1481 1403 1529 perductae.

223 1579 467 1616 cAnMRN
491 1580 553 1616 X.
617 1577 989 1631 „Rectius‘vives“
1021 1582 1142 1619 multo
1177 1584 1267 1618 ante
1303 1593 1338 1618 a.
1368 1581 1452 1619 732.

117 1643 305 1690 scriptum
339 1653 426 1678 esse
462 1641 600 1691 debet,
637 1653 714 1690 quo
749 1642 963 1689 conjuratio
990 1643 1131 1681 Licinii
1157 1643 1340 1681 Varronis
1366 1643 1452 1679 Mu-

117 1714 283 1752 raenae,
325 1702 374 1739 ad
408 1713 524 1750 quem
558 1703 633 1740 oda
667 1703 758 1740 data
791 1703 967 1755 videtur,
1009 1707 1049 1741 et
1075 1704 1214 1743 Fannii
1246 1704 1452 1752 Caepionis

117 1765 168 1801 ad
191 1765 411 1810 Augustum
439 1764 737 1811 opprimendum
764 1766 865 1801 facta
892 1765 1047 1802 detecta
1077 1768 1138 1802 est
1164 1762 1232 1818 (cf.
1260 1776 1298 1813 p.
1326 1765 1385 1803 62.
1413 1768 1454 1802 et

120 1823 241 1878 174.).
295 1825 377 1862 Nec
404 1827 533 1862 tamen
561 1837 703 1862 annum
730 1826 813 1872 ejus
840 1827 1010 1863 natalem
1035 1827 1146 1864 facile
1172 1826 1382 1876 inveneris,
1408 1829 1453 1863 ut

117 1887 274 1937 quidam
299 1886 385 1923 ausi
412 1888 513 1922 sunt.
574 1887 781 1924 Passovius
817 1887 920 1923 enim
957 1883 1057 1940 (not.
1088 1886 1195 1940 101.)
1222 1887 1263 1924 id
1288 1898 1322 1924 a.
1351 1887 1450 1937 724„

117 1949 275 1987 Kirchn.
304 1946 384 1984 tab,
412 1947 490 1984 chr.
519 1959 553 1984 a.
583 1947 691 1998 728.‚
729 1949 875 1986 Grotef.
904 1959 940 1996 p.
971 1949 1054 1986 471.
1082 1949 1119 1986 b.
1148 1959 1250 1987 anno
1277 1949 1361 1987 731.
1389 1961 1449 1987 as-

118 2009 297 2057 signavit.
1471 2022 1474 2025 ·

215 2092 460 2129 cARMnN
483 2092 567 2130 xt.
592 2093 641 2131 ob
668 2093 797 2143 ipsum
824 2093 1043 2132 exordium:

306 2154 453 2205 „Quid
478 2155 690 2193 bellicosus
719 2156 924 2194 Cantaber
958 2162 997 2195 et
1019 2157 1203 2207 Scythes,

316 2215 488 2263 Hirpine
513 2216 691 2266 Quincti,
719 2219 878 2267 coqicet,
905 2219 1067 2256 Hadria

384 2278 554 2315 Divis-us
578 2277 751 2328 objecto,
776 2281 958 2317 remittas

434 2338 678 2383 Quaerere„

120 2399 319 2447 probabile
346 2401 407 2436 est
433 2400 690 2447 compositum
717 2411 803 2437 esse
831 2401 902 2438 sub
929 2401 1044 2438 finem
1070 2413 1103 2439 a.
1132 2402 1217 2440 728.
1247 2404 1313 2440 aut
1339 2401 1448 2439 initio

120 2470 155 2496 a.
189 2460 296 2511 729„
336 2472 422 2498 cum
457 2461 641 2498 Cantabri
682 2461 916 2498 rebellarent
955 2464 994 2499 et
1032 2463 1197 2510 Scythae
1239 2463 1449 2509 instigante

119 2520 283 2557 Phraate
318 2525 451 2560 contra
485 2522 708 2560 Teridatem
743 2523 1030 2573 expeditionem
1056 2525 1250 2572 pararent.
1286 2519 1355 2576 (cf.
1384 2523 1446 2560 od.

120 2582 157 2631 3,
176 2581 210 2618 8.
231 2583 270 2619 et
289 2582 324 2632 1,
345 2580 428 2635 19.)
468 2584 569 2622 Cave
588 2585 718 2622 autem
736 2584 783 2622 de
802 2596 835 2622 a.
857 2584 940 2622 725.
961 2585 1128 2636 cogites,
1156 2595 1232 2633 quo
1252 2584 1448 2635 Cantabri,
