1643 2959
711 220 984 261 —124—

193 330 232 364 et
255 327 389 365 Italiae
414 328 630 376 praefectus
657 327 864 375 „absentis
893 329 1078 375 partibus
1108 329 1320 368 Caesar-5³²2
1352 332 1504 367 functus

190 391 261 438 est,
288 391 331 425 ut
357 390 411 425 ait
437 389 582 423 Seneca
605 387 645 422 in
673 387 784 434 epist.
814 389 896 424 114.
925 386 960 438 ξ.
989 389 1024 425 6.
1052 390 1097 425 cf.
1124 389 1200 426 Dio
1227 390 1287 439 51,
1305 392 1360 428 3.:
1387 390 1504 428 Mm-

188 449 323 497 κη’νου,
351 441 387 497 (ᾖ
409 448 475 484 καῖ
501 446 587 484 τότε
613 444 638 494 ἥ
663 460 704 484 τε
725 447 863 497 ζΡιόμη
889 450 954 486 καὶ
979 448 1000 496 ἡ
1028 448 1146 496 λοιπὴ
1175 448 1323 487 Ἰταλία
1356 461 1504 501 προσε-

187 511 366 546 τέτακτο.
399 508 558 555 interpr.
587 508 636 543 ad
662 508 777 545 Dion.
803 509 888 546 libr.
918 511 978 559 49,
1008 510 1066 547 16.
1093 511 1156 547 fin.
1192 511 1251 547 ed.
1281 511 1402 548 Sturz.
1427 512 1502 548 vol.

186 572 231 607 V.
257 581 296 616 p.
323 569 407 605 590.
435 569 525 605 Tac.
553 569 690 606 Annal.
724 570 768 618 6,
806 571 863 606 11.
899 571 974 607 Dio
1002 571 1070 620 55,
1098 571 1134 608 7.
1169 571 1337 608 Masson.
1374 572 1439 608 vit.
1465 583 1503 619 p.

189 630 272 667 143.
298 651 348 657 —
372 631 433 666 De
470 630 558 666 altis
593 630 749 666 navium
784 632 1079 678 propugnaculis
1115 632 1161 668 cf.
1195 631 1271 668 Dio
1308 633 1414 669 Cass.
1442 632 1528 681 50„

188 691 246 728 18.
273 690 334 727 23.
361 691 422 727 29.
449 712 498 718 -
524 691 729 738 Perperam
763 692 955 741 Masson.‚
989 691 1098 741 Jani,
1133 693 1315 739 Doering.
1352 704 1504 729 carmen

185 752 235 788 ad
261 762 348 787 ann.
376 751 459 788 722.
488 752 712 789 retulerunt.
747 753 890 788 Verum
916 753 1096 789 viderunt
1121 753 1327 802 Vanderb.‚
1346 754 1501 790 Passov.

184 814 262 850 not.
293 812 391 862 183„
418 812 589 862 Kirchn.‚
616 812 728 849 Jahn.
755 824 793 860 p.
821 814 906 850 244.
934 816 973 850 et
1001 815 1146 850 Grotef.
1173 825 1211 861 p.
1240 815 1324 851 466.
1345 826 1377 851 a.

284 934 510 970 m’onus
536 934 598 970 11.
642 935 827 984 „Beatus
851 936 944 971 κ’ῐῖευ
977 935 1169 982 probabili
1195 935 1416 981 conjectura
1443 946 1502 971 as-

184 998 356 1043 signatur
382 1007 416 1032 a.
444 995 527 1030 724.
555 995 654 1031 Nam
680 997 783 1030 totus
811 995 860 1030 ad
886 996 1138 1040 Virgilianum
1163 996 1288 1032 locum
1304 996 1345 1031 in
1363 999 1501 1041 Georg.

182 1057 247 1094 lib.
275 1057 323 1093 Π.
352 1068 387 1092 v.
425 1055 497 1091 458
533 1066 589 1102 sq.
626 1056 861 1102 compositus
897 1058 957 1091 est
991 1051 1047 1107 (v.
1074 1067 1110 1102 p.
1140 1051 1236 1106 27.).
1287 1056 1407 1103 Atqui
1440 1055 1503 1091 hic

182 1117 280 1154 liber
307 1128 339 1153 a.
369 1116 522 1152 demum
549 1116 633 1153 724.
662 1118 854 1152 confectus
882 1116 965 1153 fuit.
1010 1117 1112 1162 Ergo
1138 1118 1220 1152 tum
1246 1115 1400 1152 demum
1424 1116 1502 1152 Ho-

181 1178 303 1215 ratius
331 1177 497 1225 epodum
524 1177 691 1214 scribere
718 1179 880 1224 poterat.
932 1178 1014 1214 Nec
1041 1177 1196 1224 scripsit
1229 1178 1400 1225 profecto
1434 1188 1502 1224 po-

182 1239 341 1276 steriore
367 1241 563 1287 tempore3
591 1238 780 1286 siquidem
805 1238 860 1274 nil
885 1238 1006 1283 magis
1033 1240 1353 1286 consentaneum,
1388 1235 1502 1285 quani

181 1302 225 1336 ut
251 1302 290 1336 et
314 1300 451 1345 legerit
476 1299 627 1345 Virgilii
654 1299 879 1346 opusculum
914 1299 1043 1334 statim
1076 1300 1165 1346 post
1198 1297 1427 1347 editionem,
1463 1300 1503 1334 et

181 1372 273 1397 vero
301 1360 417 1396 etiam
449 1352 590 1397 recens
625 1372 651 1396 a
677 1362 842 1397 lectione
875 1360 1152 1406 lepidissimam
1187 1358 1403 1395 suavissimi
1427 1358 1502 1395 loci

181 1421 400 1458 irrisionem
426 1421 676 1457 contexuerit.
732 1421 845 1470 „Quo
872 1420 993 1465 magis
1020 1420 1080 1456 his
1107 1420 1280 1468 credas,”
1305 1420 1404 1465 finge
1429 1418 1501 1455 tibi

180 1482 382 1528 Virgilium
408 1482 449 1517 in
475 1482 624 1518 erudito
651 1482 779 1528 aliquo
806 1481 1093 1527 ingeniosorum
1119 1483 1158 1516 et
1183 1479 1500 1516 amicissimorum

181 1543 380 1579 hominum
416 1553 599 1579 consessu
632 1553 775 1579 novum
807 1542 948 1578 librum
983 1552 1129 1577 summo
1165 1552 1250 1576 cum
1284 1540 1498 1577 auditorum

180 1604 317 1652 plausu
343 1604 589 1652 recitantem3
617 1605 698 1638 tum
725 1602 902 1639 callidum
931 1601 1131 1638 Horatium
1162 1602 1287 1647 cogita
1317 1601 1500 1638 eximium

181 1675 293 1700 suum
317 1664 478 1700 odarion
505 1675 554 1699 ex
578 1663 664 1710 ipso
690 1663 890 1708 Virgiliani
923 1663 1013 1699 libri
1039 1662 1144 1698 exitu
1180 1662 1410 1698 dexterrime
1445 1662 1498 1698 ef-

180 1725 310 1761 fictum
334 1725 442 1760 vultu
468 1725 679 1771 composito
706 1724 950 1772 praelegisse.
987 1723 1120 1760 Risum
1138 1723 1264 1760 hercle
1282 1722 1498 1759 auditorum

144 1781 148 1783 Δ
180 1785 335 1834 audies,
364 1785 457 1833 quin
481 1785 737 1832 tripudiantes
764 1784 914 1820 videbis
939 1805 990 1812 —
1016 1795 1102 1820 cum
1128 1783 1345 1829 gratissimo
1371 1794 1412 1819 se
1440 1794 1498 1819 er-

181 1858 267 1883 rore
296 1846 478 1894 deceptos
506 1857 612 1895 esse,
647 1857 719 1882 nec
754 1846 892 1881 seriam
918 1845 1191 1894 imitationem,
1229 1844 1298 1880 sed
1325 1844 1497 1890 jocosam

179 1907 380 1953 virgiliani
413 1907 487 1944 loci
520 1907 720 1954 parodiam
754 1906 945 1943 audivisse
981 1905 1198 1943 mirabundi
1239 1905 1497 1951 intelligerent

180 1979 229 2004 ex
255 1968 398 2004 ultimis
427 1968 579 2005 demum
604 1969 753 2005 verbis:

377 2030 490 2067 Haec
515 2031 584 2066 ubi
610 2032 715 2067 dia-ic
734 2027 964 2075 foenerator
989 2028 1168 2077 Alphius,

442 2092 540 2136 Jam,
542 2090 628 2135 jam
651 2089 817 2136 futurus
841 2093 1047 2139 rusticnsf

377 2152 543 2190 Omnem
569 2154 722 2198 redwit
746 2153 886 2188 Idibus
909 2153 1136 2199 pecaniam,

442 2213 610 2257 Quaerit
639 2214 824 2250 Calendis
847 2222 1007 2259 ponere.

177 2273 351 2321 inprimis
378 2275 410 2310 si
438 2275 635 2320 sugillatus
661 2274 724 2310 ille
751 2273 919 2320 Alplzz'us
945 2275 1035 2308 tunc
1062 2271 1170 2307 vixit.
1224 2272 1298 2309 Sed
1324 2271 1492 2320 quando-

179 2345 326 2382 cunque
352 2335 470 2383 vixit,
506 2334 860 2380 famigeratissimus
889 2335 991 2370 certe
1018 2334 1235 2369 foenerator
1260 2332 1351 2381 fuit,
1385 2332 1492 2378 cujus

179 2395 387 2432 Columella
421 2395 468 2431 de
495 2407 525 2431 r.
553 2398 647 2432 rust.
680 2395 746 2431 lib.
775 2395 803 2431 I.
840 2406 921 2442 cap.
957 2395 991 2430 7.
1032 2395 1086 2430 ita
1124 2393 1315 2430 meminit:
1368 2394 1493 2442 „Nam

178 2467 367 2492 summum
387 2455 450 2501 jus
477 2456 625 2503 antiqui
652 2467 837 2491 summam
872 2457 1059 2502 putabant
1092 2465 1252 2495 crucem.
1304 2455 1385 2490 Nec
1411 2465 1492 2489 rur-

179 2528 243 2552 sus
277 2517 318 2553 in
353 2518 476 2553 totum
509 2516 801 2564 remittendum
842 2515 1021 2562 quoniam
1059 2516 1120 2551 vel
1158 2515 1302 2562 optima
1340 2515 1494 2550 nomina

177 2587 255 2613 non
281 2577 509 2626 appellando
544 2577 625 2614 fieri
661 2576 759 2613 mala
790 2574 1020 2622 sbeneralor
1047 2576 1215 2623 Alplu'us
1250 2575 1393 2611 dixisse
1427 2585 1491 2610 ve-
