1643 2959
624 178 909 221 —177—

102 288 279 338 Septimii
296 287 466 325 amicitia
482 288 744 337 praedicanda
760 289 962 338 ponendus
989 300 1087 327 esse.
1138 290 1215 328 Sed
1239 300 1353 328 nemo
1378 289 1429 330 ri-

101 352 226 387 matus
261 352 341 400 est,
377 360 450 385 nec
484 349 688 387 rimabitur
720 351 832 388 facile
866 351 1091 401 quisquam,
1131 362 1207 399 quo
1245 353 1430 390 Horatius

100 411 268 460 impulsu
301 411 344 447 in
375 411 469 447 talia
502 411 693 448 inciderit.
743 412 868 459 Hujus
901 412 959 448 rei
992 412 1074 458 jam
1107 415 1260 450 veteres
1294 414 1431 452 Scholl.

101 473 226 519 ignari
252 474 383 522 erant,
411 483 573 520 quorum
598 473 748 509 Acron:
785 473 1063 523 „Septimium,
1099 474 1268 521 equitem
1291 474 1432 512 Roma-

99 545 214 584 num,
250 534 415 570 amicum
450 535 490 569 et
524 533 823 570 commilitonem
857 546 968 570 suum
1002 535 1074 571 hac
1108 535 1182 572 ode
1211 536 1432 586 alloquitur,

101 596 164 633 cui
191 607 232 631 se
258 597 410 632 tantum
437 595 583 641 gratiae
609 595 897 632 necessitudine
931 597 1074 632 fatetur
1108 596 1355 647 adstrictum,
1390 599 1435 634 ut

102 657 135 693 si
160 657 255 693 velit
281 656 331 693 ad
357 656 511 692 ultimas
538 656 715 693 nationes
742 657 798 693 ire
835 668 876 694 se
903 669 990 694 cum
1016 668 1062 694 eo
1079 658 1281 705 promittat
1306 668 1433 707 posse.

100 718 290 754 Hortatur
323 719 475 766 tamen,
511 719 554 753 ut
589 717 809 762 gratissima
836 718 911 754 sibi
945 718 1031 754 loca
1066 719 1183 764 eligat
1208 719 1364 756 Tiburis
1392 722 1432 756 et

102 779 274 827 Tarenti,
303 789 466 826 quorum
493 779 532 813 et
558 778 833 814 amoenitatem
856 778 1025 815 laudat⁷'.
1054 774 1269 830 (Similiter
1293 780 1433 829 Porph.

101 841 141 876 et
168 835 316 891 Cruq.)
374 840 571 886 Recteque
598 838 830 885 interpretes
856 838 1022 874 Dacerio
1041 839 1155 875 diffisi
1173 843 1262 876 sunt
1281 853 1435 878 carmen

100 912 201 938 anno
227 900 311 937 727.
340 899 525 947 scriptum
551 910 637 935 esse
665 898 902 947 conjicienti,
931 910 1018 935 cum
1044 899 1253 947 Septimius
1279 904 1435 949 poetam

101 961 346 1010 invitaverit,
382 963 426 996 ut
462 971 593 997 secum
620 961 839 1006 Augustum
868 960 1071 996 Cantabris
1098 960 1242 998 bellum
1268 963 1435 1000 inferen-

101 1026 181 1060 tem
208 1022 467 1060 comitaretur.
519 1022 695 1068 Namque
722 1020 763 1057 id
789 1021 975 1068 temporis
1000 1031 1137 1071 nemo,
1163 1033 1213 1059 ne
1238 1024 1324 1071 ipse
1352 1025 1435 1072 qui-

102 1085 190 1121 dem
224 1086 444 1132 Augustus,
486 1082 534 1119 de
567 1082 846 1119 Cantabrorum
880 1082 980 1118 bello
1015 1082 1210 1128 cogitabat
1236 1080 1341 1137 (Dio
1371 1086 1434 1136 53,

101 1147 150 1182 22
170 1145 265 1198 sq.).
301 1147 347 1181 cf.
382 1145 553 1180 Masson.
588 1144 655 1180 vit.
688 1144 781 1180 Hor.
817 1156 853 1192 p.
889 1144 962 1179 306
998 1154 1054 1191 sq.
1089 1145 1128 1179 et
1162 1145 1352 1183 Sanadon.
1384 1167 1435 1176 —-·

103 1209 308 1245 Caeterum
334 1205 487 1242 initium
514 1205 694 1241 carminis
728 1207 845 1254 poeta
879 1204 1016 1242 eadem
1049 1205 1198 1242 ratione
1234 1207 1438 1256 scripsisse

103 1268 278 1318 videtur,
306 1278 383 1315 qua
408 1266 471 1304 od.
499 1267 543 1317 2,
572 1266 606 1303 2.
637 1267 696 1304 10.

205 1391 447 1427 cAnMEN
472 1391 577 1428 v11.
628 1390 694 1441 „0
729 1401 852 1439 saepe
893 1393 1080 1431 mecum„
1121 1404 1200 1430 non
1241 1394 1434 1442 Pompejo

105 1453 290 1501 Grospho
315 1454 449 1491 Siculo
476 1451 622 1505 (epist.
652 1453 694 1502 1,
724 1453 783 1489 12.
811 1453 871 1490 21.
900 1457 939 1490 et
965 1454 1028 1492 od.
1054 1455 1091 1504 2,
1121 1451 1210 1507 16.)
1237 1455 1438 1505 scriptum,

103 1518 148 1551 ut
180 1518 270 1563 post
304 1515 550 1552 Sanadonum
582 1515 696 1560 longe
731 1514 854 1560 major
887 1514 1143 1563 interpretum
1178 1527 1268 1564 pars
1303 1519 1437 1553 eontra

104 1577 375 1613 auctoritatem
415 1576 716 1612 Scholiastarum
756 1578 795 1612 et
832 1576 1084 1623 plurimarum
1125 1577 1436 1627 inscriptionum,

104 1648 204 1686 quae
231 1638 272 1673 in
296 1639 391 1673 vett.
418 1637 505 1674 libr.
533 1647 644 1673 mser.
673 1637 888 1686 habentur,
917 1638 1065 1687 statuit,
1096 1639 1212 1675 etiam
1230 1639 1436 1675 Passovius

104 1702 186 1736 not.
215 1699 298 1735 101.
328 1700 367 1735 et
395 1700 541 1737 Grotef.
568 1710 606 1747 p.
636 1699 744 1748 460.;
782 1698 850 1734 sed
875 1698 1068 1746 Pompejo
1098 1700 1206 1737 Varo
1231 1701 1339 1737 Italo
1365 1697 1434 1751 (cf.

105 1760 298 1798 Vanderb.
333 1762 425 1796 tom.
460 1760 489 1796 I.
526 1771 563 1808 p.
601 1760 673 1796 364
710 1770 765 1807 sq.
803 1761 843 1795 et
876 1760 1026 1796 W'eich.
1063 1759 1111 1795 de
1137 1762 1225 1798 Var.
1262 1763 1302 1796 et
1330 1761 1436 1798 Cass.

106 1834 143 1870 p.
173 1821 245 1858 136
273 1817 361 1873 sq.)
396 1822 568 1858 unanimi
606 1833 697 1858 voce
731 1822 905 1857 referunt
939 1820 990 1855 ad
1024 1831 1057 1856 a.
1086 1821 1194 1871 715.,
1230 1832 1306 1869 quo
1341 1833 1437 1870 pace

107 1895 194 1920 cum
221 1883 307 1919 Sex.
334 1883 519 1930 Pompejo
546 1882 648 1918 circa
665 1882 861 1917 Misenum
886 1882 987 1918 facta
1004 1883 1231 1930 proscriptis
1258 1884 1438 1920 omnibus

107 1943 296 1982 redeundi
321 1943 532 1991 impunitas
561 1943 652 1979 data
678 1944 738 1978 est
755 1938 853 1992 (Dio
872 1942 933 1991 48,
962 1942 1022 1978 36.
1050 1943 1144 1981 Vell.
1164 1944 1200 1994 2,
1229 1940 1325 1997 77.).
1376 1944 1437 1982 Ita

107 2007 291 2043 Massono
338 2001 436 2056 (vit.
480 2005 572 2041 Hor.
628 2015 665 2051 p.
704 2003 753 2040 88
788 1999 876 2055 sq.)
933 2003 1029 2041 duce
1075 2007 1157 2042 tum
1203 2004 1437 2054 interpretes

106 2078 241 2104 omnes
269 2069 352 2103 tum
377 2065 527 2103 Weich.
558 2066 606 2102 de
633 2067 721 2102 Var.
750 2067 789 2101 et
816 2066 923 2102 Cass.
950 2077 988 2113 p.
1018 2066 1125 2116 138.‚
1169 2067 1362 2104 Obbarius
1395 2067 1437 2103 in

107 2128 218 2165 Seeb.
251 2127 364 2165 Jahn.
401 2130 441 2163 et
474 2127 598 2163 Klotz.
625 2126 751 2164 annal.
779 2127 853 2163 vol.
892 2127 951 2164 16.
977 2137 1017 2175 p.
1044 2128 1127 2178 50.,
1163 2131 1203 2164 et
1235 2127 1437 2166 Kirchner.

106 2191 150 2227 in
184 2191 332 2238 quaest.
368 2200 405 2237 p.
442 2189 477 2226 5.
514 2186 552 2238 ξ.
587 2189 622 2224 9.
658 2200 695 2236 p.
734 2187 768 2224 8.
803 2185 839 2238 §.
869 2187 926 2225 18.
954 2199 992 2236 p.
1021 2189 1081 2225 31.
1109 2187 1145 2239 §.
1174 2189 1250 2239 58.,
1277 2199 1439 2238 eamque

107 2251 299 2289 rationem
323 2252 404 2286 tam
430 2251 574 2286 certam
609 2250 923 2298 exploratamque
958 2249 1124 2300 habent,
1157 2252 1200 2286 ut
1224 2251 1439 2299 praefracte

109 2323 232 2360 paene
258 2313 402 2357 negent
427 2311 504 2348 alio
531 2313 704 2358 tempore
729 2311 882 2348 Horatii
909 2311 1074 2348 amicum
1089 2312 1250 2349 Romam
1266 2313 1440 2361 potuisse

109 2373 248 2410 redire.
301 2373 432 2410 Eheu!
486 2373 625 2410 Omnia
650 2372 826 2408 nituntur
851 2373 1025 2409 Massoni
1052 2374 1292 2423 conjectura,
1328 2375 1367 2409 et
1393 2384 1440 2409 ea.

111 2444 246 2488 parum
271 2434 478 2483 probabili.
528 2435 616 2471 Non
641 2443 788 2482 premo,
814 2433 1018 2470 Horatium
1044 2437 1132 2471 ante
1149 2445 1318 2484 pugnam
1333 2433 1441 2470 Acti-

112 2504 222 2531 acam
245 2495 364 2541 lyrica
389 2507 468 2533 non
494 2495 669 2542 attigisse
695 2515 745 2522 -
771 2505 869 2543 quae
906 2497 1098 2534 sententia
1131 2496 1205 2533 hoc
1238 2496 1324 2543 ipso
1357 2506 1439 2531 car-

112 2555 215 2592 mine
240 2557 513 2604 reprobaretur
537 2578 589 2586 —
614 2558 654 2594 at
673 2555 762 2603 jure
780 2556 995 2605 meritoque
1012 2557 1157 2595 innitor
1181 2556 1223 2593 in
1249 2566 1310 2607 eo,
1335 2555 1442 2604 quod

1128 2616 1174 2654 12
