1643 2959
678 202 962 245 ——211—

154 313 197 349 in
222 311 417 362 captivos,
454 311 644 361 siquidem
668 312 751 350 πᾶν
783 309 830 350 τὸ
856 308 973 363 ἄρρεν
1006 310 1085 349 τῶν
1110 309 1375 361 ἁλισκομένων
1408 311 1478 364 οὗχ

155 371 217 411 ὅτι
242 371 287 411 τὸ
315 372 550 424 φαινόμενον
591 371 695 411 ἀλλὰ
727 374 794 411 καὶ
827 371 873 411 τὸ
900 369 940 410 ἔν
964 373 1051 418 ταῖς
1076 375 1294 424 γαστράσιν
1319 372 1376 411 ἔτι
1401 375 1479 411 τῶν

153 435 344 483 γυναικῶν
387 432 432 472 ὂν
472 438 676 484 μαντείαις
720 435 823 473 τισῑν
857 433 1147 485 ἀνευρίσκοντες
1188 432 1378 485 ἔφθειρον
1381 463 1398 481 ,
1436 438 1480 471 ut

152 497 272 533 refert
297 497 374 533 Dio
399 496 425 532 l.
443 496 483 546 1.,
512 496 778 533 consentiente
797 496 985 533 Strabone
1002 495 1068 532 lv.
1096 505 1178 543 cap.
1199 495 1233 531 6.
1252 506 1290 543 p.
1308 496 1393 532 206.
1408 520 1450 524 —
1468 508 1478 533 :

152 558 350 603 Augustus
376 568 477 594 anno
504 558 588 594 739.
614 559 792 605 primum
817 559 999 594 Drusum
1025 557 1227 594 Neronem
1252 559 1332 593 tres
1359 559 1398 594 et
1422 557 1479 594 vi-

152 618 249 664 ginti
275 629 397 655 annos
422 620 556 655 natum
582 614 760 669 (Sueton.
790 617 921 655 Claud.
952 617 1010 666 1.)
1037 617 1154 666 misit,
1181 617 1248 665 qui
1269 618 1479 655 insolentes

151 678 337 716 barbaros
373 682 579 716 coerceret.
639 680 769 728 Atque
802 679 865 716 hic
891 678 1057 715 militare
1083 678 1343 716 rudimentum
1368 690 1478 727 prae-

151 740 252 776 clare
279 741 420 787 posuit.
473 742 572 778 Nam
598 741 648 777 ad
665 741 784 788 Alpes
803 740 1050 777 Tridentinas
1077 743 1320 777 occurrentes
1347 740 1479 778 hostes

151 801 295 837 devicit
321 803 361 837 et
385 802 441 837 ita
469 800 631 849 devicit,
663 802 706 836 ut
732 801 946 847 praetorios
973 801 1064 836 inde
1091 801 1257 838 honores
1292 802 1478 850 adipisce-

149 863 268 898 retur.
336 858 434 913 (Dio
468 861 493 897 l.
527 861 551 897 1.
597 857 642 897 δι’
684 854 752 896 οὖν
785 860 911 897 ταῦτα
945 859 966 896 ὁ
1001 858 1240 908 Αὔγουστος
1280 862 1480 914 πρῶτον

147 920 236 971 μὲν
269 917 338 959 τὸν
369 920 555 973 Δροῦσον
588 916 645 957 ἔπ’
682 917 826 965 αὐτοὺς
858 918 1026 970 ἔπεμψε.
1060 922 1127 957 καὶ
1165 919 1209 966 ὃς
1246 920 1349 972 πρὸς
1389 920 1482 969 τούς

148 981 451 1030 ἀπαντήσαντας
478 979 516 1018 οἳ
542 979 672 1019 αὐτῶν
697 981 789 1031 περὶ
814 977 865 1017 τά
895 977 1123 1031 Τριδέντινα
1158 979 1229 1031 ὄρη
1264 982 1480 1032 συμβαλών

149 1040 366 1094 διαταχέων
392 1039 605 1093 ἐτρέψατο·
625 1039 727 1079 ὥστε
744 1042 810 1078 καὶ
834 1037 952 1090 τιμάς
977 1039 1235 1093 στρατηγικὰς
1260 1039 1328 1081 ἔπῑ
1351 1044 1479 1095 τούτῳ

148 1103 316 1157 λαβεῖν.)
374 1103 555 1142 Nondum
589 1105 720 1139 tamen
752 1103 1048 1139 fortissimorum
1081 1103 1310 1151 populorum
1335 1106 1479 1143 ferocia

148 1167 270 1202 fracta
309 1168 403 1202 erat.
469 1165 569 1202 Nam
603 1174 833 1212 quamquam
868 1164 915 1200 ab
949 1164 1063 1201 Italia
1101 1165 1316 1213 propulsati
1355 1170 1477 1217 erant,

148 1229 279 1263 tamen
296 1226 463 1263 vicinam
481 1226 645 1262 Galliam
668 1225 894 1273 depopulari
908 1227 1175 1272 perrexerunt.
1220 1226 1478 1269 Quamobrem

149 1289 330 1326 Tiberius
369 1298 522 1335 quoquc
564 1287 613 1323 ad
656 1298 723 1322 eos
759 1286 1007 1323 debellandos
1047 1286 1186 1323 missus
1227 1289 1306 1340 est,
1349 1290 1478 1327 Druso

150 1349 262 1385 datus
290 1348 453 1395 adjutor.
514 1349 613 1385 Tum
641 1347 788 1393 junctis
821 1349 982 1384 fratrum
1008 1348 1155 1385 viribus
1182 1348 1295 1385 Raeti
1321 1352 1361 1386 ct
1386 1350 1478 1388 Vin-

150 1410 263 1446 delici
289 1409 497 1458 perdomiti
524 1411 564 1446 et
591 1408 740 1445 subacti
767 1410 867 1445 sunt.
895 1409 972 1445 Dio
998 1409 1022 1445 1.
1041 1409 1088 1446 l.:
1117 1405 1372 1460 ,,ε’ςβαλόντες
1397 1406 1478 1458 οὖν,

149 1472 294 1519 inquit,
322 1467 361 1517 ἒς
386 1468 455 1518 τὴν
475 1470 613 1522 χώραν
638 1469 894 1519 πολλαχόθεν
921 1468 1007 1518 ἅμα
1033 1468 1268 1522 ἀμφότεροι,
1297 1470 1414 1509 αὐτοί
1436 1485 1480 1510 τε

148 1533 215 1570 καῖ
241 1528 309 1570 διὰ
334 1531 412 1570 τῶν
438 1530 768 1582 ὑποστρατήγων,
803 1532 869 1568 καῖ
896 1528 920 1567 ὅ
943 1543 986 1579 γε
1016 1530 1200 1582 Τιβέριος
1225 1533 1292 1569 καῖ
1318 1529 1384 1570 διὰ
1410 1533 1479 1580 τῆς

147 1594 286 1643 λίμνης
311 1593 467 1638 πλοίοις
493 1591 724 1641 κομισθεὶς,
760 1591 844 1629 ἀπό
878 1604 919 1629 τε
953 1594 1094 1630 τούτου
1129 1591 1376 1641 κατέπληξαν
1402 1593 1477 1631 αὐ-

148 1652 260 1701 τοὺς,
287 1652 342 1700 ὠς
369 1651 548 1699 ἑκάστοις
574 1655 689 1704 σφίσι
717 1655 1012 1702 συμμιγνύντες,
1039 1653 1130 1700 τούς
1148 1666 1188 1691 τε
1207 1653 1270 1691 ἀεῖ
1286 1651 1325 1700 ές
1341 1656 1479 1707 χεῖρας

149 1714 455 1766 ἀφικνουμένους
489 1713 533 1752 οὐ
566 1714 752 1765 χαλεπῶς
786 1712 855 1751 ἅτε
889 1710 1198 1764 διεσπασμέναις
1234 1716 1318 1760 ταῖς
1357 1712 1478 1753 δυνά-

148 1785 244 1825 μεσι
264 1777 492 1828 χρωμένους
525 1778 845 1827 κατειργάσαντο,
880 1777 946 1812 καῖ
980 1774 1070 1821 τούς
1104 1773 1269 1821 λοιποὺς
1305 1774 1477 1814 ἀσθενε-

150 1839 311 1887 στέρους
344 1850 385 1874 τε
419 1833 460 1874 ἔκ
492 1837 632 1874 τούτου
667 1837 732 1873 καῖ
771 1834 1049 1887 ἀθυμοτέρους
1086 1838 1315 1885 γενομένους
1353 1833 1477 1875 εἷλον·

148 1894 287 1945 ἐπειδή
312 1910 353 1935 τε
378 1894 671 1948 ε’πολυάνδρουν
710 1898 776 1933 καῖ
809 1893 970 1934 ἐδόκουν
1004 1910 1042 1934 τι
1074 1899 1307 1949 νεωτεριεῖν,
1342 1898 1409 1949 τό,
1435 1911 1478 1937 τε

148 1959 357 2010 κράτιστον
382 1960 448 1996 καὶ
474 1957 517 1996 τὸ
546 1958 732 1995 πλεῖστον
765 1957 833 2004 τῆς
859 1956 1009 2004 ἡλικίας
1035 1956 1165 1995 αὐτῶν
1190 1955 1379 2008 ἐξήγαγον
1404 1973 1477 1998 κα-

148 2020 382 2066 ταλιπόντες
415 2019 647 2065 τοσούτους,
683 2017 774 2056 ὅσοι
806 2015 875 2065 τὴν
907 2018 980 2068 μὲν
1008 2020 1144 2070 χώραν
1183 2017 1300 2057 οἳκεῒν
1338 2018 1476 2067 ἱκανοὶ,

148 2081 374 2132 νεοχμῶσαι
401 2077 446 2118 δέ
468 2095 506 2118 τι
532 2077 720 2118 ἀδύνατοι
745 2074 891 2127 ἧσαν.“ν
934 2081 1041 2117 Haec
1066 2081 1194 2118 omnia
1218 2092 1306 2119 una
1328 2087 1479 2120 aestate
1511 2106 1518 2119 η

151 2141 266 2196 (anni
292 2155 329 2179 u.
359 2154 390 2179 c.
419 2140 526 2194 739.)
561 2144 663 2179 facta
688 2153 775 2178 esse
802 2143 967 2178 testatur
991 2142 1136 2180 Strabo
1167 2143 1192 2179 1.
1219 2143 1266 2179 1.:
1295 2145 1478 2188 ,,πάντας

150 2200 340 2241 δ’ἕπαυσε
373 2203 452 2240 τιῦν
486 2199 623 2250 ἀνέδην
656 2198 920 2253 καταδρομιῦν
957 2201 1139 2253 Τιβέριος
1164 2204 1230 2240 καῖ
1256 2202 1277 2240 ὁ
1304 2200 1478 2255 ἀδελφὸς

149 2263 273 2303 αὐτοῦ
305 2263 491 2316 Δροῦσος
524 2263 679 2318 θερίᾳ
712 2262 843 2317 μιᾷ.”
893 2263 1011 2300 Paulo
1039 2264 1153 2300 aliter
1178 2263 1314 2301 eadem
1340 2264 1388 2301 de
1415 2277 1474 2315 re,

149 2337 276 2374 neque
301 2328 432 2362 tamen
466 2325 562 2362 citra
595 2325 710 2361 fidem
746 2323 882 2371 Iv'ellej.
909 2325 998 2362 Pac.
1034 2324 1080 2374 2,
1114 2324 1196 2361 95.:
1237 2325 1476 2374 „Reversum

150 2386 242 2424 inde
267 2387 462 2425 Neronem
498 2387 641 2422 Caesar
665 2384 769 2421 haud
794 2384 998 2421 mediocris
1025 2385 1117 2422 belli
1141 2385 1281 2422 molem
1306 2386 1475 2433 experiri

153 2448 307 2498 statuit,
343 2446 519 2494 adjutore
554 2446 682 2494 operis
718 2445 809 2481 dato
842 2446 959 2482 fratre
994 2445 1117 2494 ipsius
1142 2448 1271 2484 Druso
1299 2446 1473 2497 Claudio,

152 2519 267 2555 quem
291 2509 393 2545 intra
410 2507 586 2545 Caesaris
612 2508 774 2555 penates
800 2506 917 2542 enixa
940 2508 1022 2542 erat
1042 2507 1175 2557 Livia3
1202 2507 1344 2555 quippe
1370 2509 1475 2544 uter-

153 2579 229 2617 que
262 2569 395 2606 divisis
421 2568 595 2618 partibus
622 2568 766 2606 Raetos
793 2567 1091 2617 Vindelicosque
1118 2568 1316 2619 adgressi,
1342 2568 1473 2606 multis

1125 2628 1170 2665 14
1186 2626 1210 2650 ³*
