1643 2959
701 235 979 277 -210—

188 348 339 398 mirari,
366 346 469 396 quod
494 343 651 382 biennio
687 345 776 380 ante
809 342 976 380 reditum
1003 340 1059 395 (ν.
1086 339 1169 396 41.)
1204 345 1328 384 laetos
1361 346 1446 384 dies
1470 350 1508 384 et

187 411 299 448 urbis
320 409 525 456 publicum
551 407 693 442 ludum
716 403 932 453 forumque
956 405 1091 442 litibus
1116 405 1259 442 orbum
1282 417 1402 454 super
1425 409 1506 445 im-

184 474 340 520 petraeo
363 465 482 513 fortis
506 465 679 514 Auyustz'
703 467 836 503 reditu
860 465 1073 513 pollicetur.
1108 465 1231 502 Nemo
1262 470 1507 515 exspectave-

186 533 268 579 rat,
295 529 512 574 Augustum
537 538 608 574 per
641 529 720 562 tam
752 526 908 572 longum
940 526 1125 574 temporis
1159 526 1326 574 spatium
1359 527 1508 565 abfutu-

187 602 272 628 rum
298 600 395 625 esse.
450 589 613 625 Carmen
637 587 751 633 hujus
776 587 865 623 libri
891 586 926 623 5.
955 586 1168 623 certissimo
1187 587 1415 623 documento
1435 591 1508 638 est,

187 652 381 689 Romanos
407 659 487 685 non
511 648 566 684 ita
595 648 715 684 multo
742 650 830 695 post
862 647 956 683 illud
990 650 1162 697 tempus,
1197 658 1273 695 quo
1307 647 1510 694 Sygambri

188 723 323 761 pacem
348 712 600 759 acceperunt,
629 720 697 757 spe
725 709 771 745 de
799 708 975 755 proximo
1003 708 1166 754 Augusti
1181 708 1309 745 reditu
1327 710 1512 756 concepta

189 774 392 810 frustratos
427 781 524 807 esse.
559 792 610 797 ——
667 770 755 806 Jam
788 771 996 816 antequam
1029 769 1153 806 abiret
1186 780 1257 816 pro
1289 769 1394 806 felici
1426 769 1511 815 ejus

189 834 318 871 reditu
343 834 436 868 vota
469 832 690 877 nuncupata
725 831 835 865 erant
861 825 967 881 (Dio
994 830 1062 879 54,
1092 825 1204 881 19.),
1238 833 1278 866 et
1310 832 1392 866 tum
1425 840 1512 866 cum

188 893 429 941 triumphans
456 891 631 939 proxime
657 891 817 927 Romam
834 891 1028 926 rediturus
1047 902 1131 926 esse
1148 893 1382 940 narraretur,
1408 889 1512 927 haud

191 955 306 994 dubie
341 953 469 998 magni
503 952 644 987 fiebant
678 951 728 986 ad
763 962 850 986 eum
893 950 995 986 diem
1030 951 1301 987 celebrandum
1334 951 1376 987 in
1415 950 1510 987 urbe

190 1017 417 1063 apparatus,
446 1012 578 1058 quales
604 1012 683 1046 fere
711 1020 811 1045 anno
839 1011 923 1046 741.
952 1009 1047 1058 (Dio
1065 1011 1133 1060 54,
1161 1008 1266 1063 25.),
1293 1021 1369 1059 quo
1396 1011 1512 1047 etiam

189 1076 271 1113 ludi
295 1073 416 1110 votivi
442 1071 533 1107 facti
560 1072 648 1106 sunt
674 1065 772 1121 (Dio
799 1070 860 1117 54,
887 1066 984 1122 27.).

289 1136 395 1172 Haec
429 1131 558 1169 omnia
591 1142 651 1167 me
677 1130 899 1179 impellunt,
933 1133 977 1166 ut
1003 1142 1116 1168 carm.
1142 1131 1176 1168 2.
1211 1142 1298 1168 cum
1330 1131 1513 1168 Massono

191 1194 283 1249 (vit.
316 1195 408 1232 Hor.
444 1204 482 1241 p.
515 1193 587 1228 343
623 1203 678 1239 sq.
712 1192 779 1228 vit.
815 1191 926 1227 Ovid.
962 1192 1173 1229 Amstelod.
1210 1192 1316 1229 1708.
1349 1203 1386 1240 p.
1413 1189 1513 1245 92.),

190 1256 377 1304 Dacerio,
404 1253 729 1301 MitscherlichiO,
763 1252 968 1303 Doering.,
1003 1253 1187 1289 Passovio
1213 1249 1313 1302 (not.
1340 1250 1446 1304 250.)
1473 1256 1513 1289 et

193 1317 340 1355 Grotef.
375 1327 411 1363 p.
449 1314 532 1351 476.
569 1325 603 1350 a.
639 1324 739 1349 anno
776 1313 859 1349 738.
887 1316 1052 1349 excunte
1080 1315 1146 1349 aut
1171 1314 1254 1350 739.
1283 1313 1415 1363 initio,
1443 1313 1511 1349 sed

192 1380 281 1415 ante
308 1378 343 1415 4.
371 1377 406 1412 5.
434 1377 473 1412 et
500 1375 559 1412 14.
588 1374 841 1422 compositum
868 1385 952 1410 esse
984 1373 1148 1411 credam.

293 1499 534 1537 emunt
559 1498 639 1535 lv-
681 1499 880 1547 „szlem
905 1498 1171 1546 ministrum22,
1206 1500 1363 1545 propter
1397 1496 1513 1546 quod,

192 1566 236 1600 ut
260 1563 314 1600 ait
339 1563 488 1611 Acron,
516 1562 693 1608 quartum
715 1559 856 1596 librum
883 1561 1015 1595 contra
1041 1559 1332 1606 dispositionem
1357 1558 1449 1595 fecit
1471 1558 1514 1594 in

192 1624 345 1660 laudem
378 1622 496 1659 Drusi
531 1621 717 1669 Neronis,
752 1622 881 1657 medio
912 1619 1000 1665 fere
1043 1630 1152 1656 anno
1190 1621 1292 1655 739.
1329 1619 1514 1666 scriptum

194 1686 274 1733 est,
302 1694 388 1720 cum
415 1682 462 1718 de
488 1681 669 1730 victoria,
697 1691 810 1728 quam
835 1682 984 1717 Drusus
1019 1679 1066 1715 de
1100 1679 1309 1716 Vindelicis
1340 1681 1514 1727 reporta-

194 1746 325 1792 verat,
352 1743 499 1790 primns
525 1742 683 1778 nuntius
710 1741 870 1778 Romam
896 1741 1066 1788 perlatus
1092 1741 1207 1776 esset.

293 1805 400 1848 Quae
434 1802 534 1838 ratio
573 1805 616 1838 ut
657 1801 770 1838 fidem
811 1801 996 1850 accipiat,
1038 1801 1203 1848 primum
1245 1800 1514 1848 exponendum

195 1867 289 1915 erit,
318 1863 411 1912 quid
436 1865 610 1901 historici
636 1862 682 1898 de
709 1862 841 1898 Raetis
867 1861 1152 1908 Vindelicisque
1178 1873 1201 1897 a
1226 1862 1354 1899 Druso
1385 1864 1425 1898 et
1449 1862 1514 1899 Ti-

193 1927 300 1964 berio
328 1925 528 1962 debellatis
554 1923 760 1959 memoriae
786 1922 1035 1971 tradiderint,
1063 1921 1203 1958 deinde
1230 1922 1514 1969 quide-atius

193 1987 234 2023 in
260 1996 374 2023 carm.
402 1986 437 2021 4.
463 1987 502 2021 et
530 1986 603 2034 14„
630 1984 795 2031 denique
822 1993 920 2031 quae
945 1993 1074 2019 rerum
1098 1985 1292 2019 momenta
1324 1983 1415 2020 inde
1448 1982 1514 2019 de-

195 2047 284 2084 duci
317 2045 488 2095 possint,
523 2048 567 2082 ut
600 2045 801 2093 utriusque
835 2043 1016 2081 carminis
1051 2044 1142 2080 anni
1174 2044 1322 2081 natales
1355 2043 1512 2080 investi-

197 2109 345 2154 gentur.

297 2168 330 2204 1.
361 2167 456 2205 Cum
479 2166 598 2213 igitur
623 2168 739 2204 Raeti
763 2168 802 2202 et
831 2166 1042 2215 Vindelici,
1076 2165 1334 2203 ferocissimae
1358 2163 1447 2200 illae
1474 2165 1513 2199 et

197 2227 511 2264 bellicosissimae
538 2229 671 2273 gentes
696 2227 798 2262 inter
822 2227 941 2273 Alpes
967 2229 1006 2262 et
1030 2226 1271 2273 Danubium,
1297 2223 1513 2260 Helvetiam

198 2290 238 2324 et
261 2288 443 2324 Noricum
469 2287 707 2336 habitantes,
734 2297 829 2334 quas
854 2286 930 2323 Dio
959 2286 1113 2322 Cassius
1138 2286 1224 2322 libr.
1252 2285 1312 2322 54.
1340 2295 1422 2332 cap.
1449 2285 1510 2320 22.

199 2347 247 2384 de
272 2358 377 2383 more
395 2349 619 2394 posterioris
638 2347 775 2384 aetatis
790 2346 979 2382 communi
1005 2348 1224 2384 Raetorum
1249 2345 1401 2383 nomine
1418 2345 1512 2381 insi-

198 2407 282 2454 gnit
327 2404 403 2459 (ef.
437 2408 594 2456 interpr.
630 2408 690 2445 ed.
734 2408 854 2443 Sturz.
889 2407 963 2443 vol.
1002 2407 1065 2443 VI.
1106 2418 1143 2455 p.
1180 2407 1261 2443 145.
1296 2408 1375 2442 not.
1402 2406 1437 2442 6.
1473 2409 1513 2442 et

197 2467 354 2505 Kirchn.
381 2470 526 2515 quaest.
554 2480 592 2515 p.
619 2469 680 2505 33.
706 2465 823 2519 not.),
858 2468 1021 2504 Galliam
1054 2470 1168 2516 atque
1192 2466 1342 2504 ltaliam
1368 2466 1512 2504 crebris

198 2528 480 2564 incursionibus
505 2527 687 2564 infestare
713 2528 950 2576 coepissent,
975 2537 1048 2565 nec
1072 2527 1254 2576 praedam
1280 2527 1402 2563 solum
1426 2537 1512 2574 per-

200 2588 358 2627 multam
391 2588 579 2639 egissent,
616 2588 684 2625 sed
710 2588 866 2625 immani
892 2588 1008 2625 etiam
1033 2588 1257 2627 crudelitate
1284 2587 1511 2625 saeviissent
