1643 2959
656 179 971 246 ——187—⁷

137 313 242 352 enim
276 322 363 350 cum
397 313 469 351 hoe
503 314 770 364 potissimum,
804 313 847 351 in
882 324 958 362 quo
994 312 1257 351 diversissima
1291 324 1466 364 quaeque

134 377 344 424 praecepta
371 375 567 413 saltuatim
592 386 717 424 paene
744 376 959 424 composita
993 377 1105 425 sunt,
1143 374 1376 413 ducumento
1403 377 1467 426 sit,

132 437 337 474 Horatium
362 447 441 474 non
468 449 538 474 sua
565 439 703 485 sponte
730 439 770 474 et
804 437 962 486 proprio
995 437 1165 487 impetu,
1201 438 1272 474 sed
1305 440 1469 475 externo

130 498 246 546 quasi
271 499 426 536 stimulo
452 499 679 546 instigatum
712 498 755 536 in
787 509 902 537 usum
935 501 976 536 et
1008 500 1175 536 fructum
1206 498 1469 537 Romanorum

130 559 255 606 lyrica
281 562 404 598 forma
429 560 481 597 ad
507 560 723 598 docendum
755 561 876 597 fuisse
909 571 1044 611 usum,
1078 560 1136 597 ita
1160 561 1205 597 ut
1229 572 1350 598 unum
1376 572 1469 598 eun-

133 621 298 670 demque
326 634 397 659 sex
422 623 596 671 priorum
621 621 783 660 odarum
807 623 924 660 finem
948 624 989 660 et
1017 623 1206 671 temporis
1232 623 1470 661 communio-

130 693 222 720 nem
249 695 336 720 esse
362 684 564 732 probabile
589 685 676 722 fiat:
704 685 877 731 cogimur
901 686 1003 735 fere,
1037 686 1082 721 ut
1107 695 1264 722 carmen
1290 685 1340 721 ad
1365 685 1471 722 idem

130 746 285 793 tempus
311 747 546 796 referamus,
574 756 651 794 quo
678 748 831 782 sextum
865 748 1066 783 exaratum
1100 748 1264 784 constat.
1316 747 1472 785 Deinde

130 817 224 842 vero
252 809 504 854 quaerentem
538 817 622 857 me,
657 817 734 854 quo
769 806 927 842 tandem
960 806 1129 854 impulsu
1162 808 1384 845 Venusinus
1420 807 1472 844 ad

128 867 226 905 haec
259 867 432 904 carmina
469 878 629 915 prorsus
670 867 882 913 singularia
921 867 1127 904 scribenda
1165 871 1365 916 permotus
1405 868 1471 918 sit,

129 938 209 965 non
234 928 357 976 pudet
383 939 517 966 eorum
543 929 772 978 adstipulari
801 928 1038 978 sententiae,
1075 929 1142 977 qui
1167 929 1332 966 Horatio
1358 929 1423 965 vel
1448 940 1473 966 a

129 990 357 1028 Maecenate
384 991 448 1027 vel
474 991 523 1028 ab
548 991 635 1039 ipso
661 992 838 1037 Augusto
865 990 906 1027 id
926 990 1075 1036 negotii
1092 991 1368 1028 demandatum
1385 1002 1472 1028 esse

129 1051 320 1100 suspicati
346 1054 457 1102 sunt,
485 1053 529 1089 ut
555 1052 710 1089 virtutis
738 1052 1072 1089 commendatione
1105 1052 1253 1090 labenti
1279 1053 1473 1090 Romano-

128 1124 216 1149 rum
251 1114 480 1162 disciplinae
516 1116 779 1164 succurreret,
816 1113 1112 1162 aequaliumque
1155 1116 1316 1162 pectora
1358 1114 1472 1151 bonis

128 1174 341 1223 probisque
368 1176 588 1224 praeceptis
614 1176 818 1212 imbueret,
870 1175 1102 1222 Hujusmodi
1119 1186 1212 1212 vero
1231 1176 1473 1223 provinciam

128 1236 262 1273 nescio
289 1248 341 1273 an
365 1238 687 1274 verisimillimum
713 1237 765 1274 sit
789 1239 929 1285 poetae
946 1235 1168 1272 mandatam
1187 1248 1275 1273 esse
1302 1248 1349 1273 eo
1376 1239 1474 1274 tem—

127 1308 246 1348 pore,
281 1309 359 1346 quo
385 1299 470 1346 ipse
506 1298 742 1339 Octavianus
776 1298 948 1335 moribus
975 1298 1237 1336 Romanorum
1264 1299 1474 1336 emendan-

129 1358 190 1396 dis
218 1370 377 1409 operam
404 1372 514 1398 suam
539 1371 682 1397 navare
702 1360 907 1408 coepisset.
960 1359 1083 1408 Atqui
1107 1359 1149 1396 id
1167 1361 1312 1397 sactum
1330 1372 1365 1398 a.
1384 1361 1471 1398 726.

129 1417 199 1473 (cf.
228 1421 280 1458 ad
295 1422 358 1459 od.
380 1422 416 1472 1,
444 1419 516 1475 2.).
569 1423 673 1468 Ergo
700 1422 742 1458 in
768 1421 933 1458 eandem
951 1423 1120 1458 aetatem
1145 1421 1367 1472 incidimus,
1396 1433 1474 1470 qua

128 1482 296 1530 plurima
322 1484 461 1520 horum
487 1484 702 1520 carminum
730 1484 770 1519 et
794 1483 834 1519 id
862 1482 1013 1532 ipsum,
1043 1482 1091 1519 de
1119 1493 1196 1530 quo
1213 1484 1354 1534 agitur,
1382 1484 1472 1521 stilo

129 1543 284 1590 signata
310 1556 398 1582 esse
424 1545 586 1591 conjeci.
641 1545 745 1588 Quid
771 1543 875 1593 quod
909 1543 1085 1591 ejusdem
1117 1546 1306 1595 temporis
1339 1547 1473 1584 notam

130 1608 264 1644 uetere
290 1606 384 1644 licet
410 1618 432 1642 e
460 1606 621 1655 stropha
645 1607 804 1654 quinta:

329 1668 485 1718 Virtus⁷
511 1668 693 1717 repulsae
718 1668 853 1705 nescia
878 1667 1061 1705 sordidae

330 1728 577 1766 Intaminatis
605 1730 726 1776 fulget
750 1729 985 1767 honoribus:

399 1792 484 1829 Nec
507 1793 631 1829 sumit
657 1795 731 1828 aut
751 1794 868 1838 ponit
889 1801 1054 1829 secures

448 1852 625 1891 Arbitrio
648 1854 862 1900 popularis
890 1863 1042 1901 aurae,

131 1913 173 1950 in
199 1913 339 1962 quibus
365 1924 445 1951 non
472 1914 665 1950 immerito
686 1913 895 1961 suspiceris
917 1914 1189 1952 octavianum
1214 1914 1472 1962 significatum

130 1986 240 2026 esse,
269 1976 336 2023 qui
362 1987 396 2013 a.
416 1975 502 2012 726.
530 1975 579 2012 de
596 1974 760 2023 imperio
780 1974 1011 2023 deponendo
1037 1976 1237 2022 cogitaret.
1289 1976 1471 2024 Denique

130 2038 324 2075 maturam
356 2038 455 2074 odae
491 2036 812 2086 compositionem
846 2036 1012 2074 suadent
1045 2049 1083 2075 v,
1117 2038 1153 2075 3.
1190 2039 1230 2074 et
1265 2038 1323 2088 4.‚
1367 2037 1471 2074 unde

130 2098 296 2136 Parthos
339 2100 453 2148 plane
500 2099 666 2137 invictos
705 2097 828 2136 fuisse
879 2098 1019 2136 discas.
1062 2121 1113 2129 —-
1186 2099 1345 2138 Kirchn.
1389 2098 1469 2137 tab.

133 2160 238 2198 chr.:
269 2161 354 2198 733.

236 2280 481 2320 cARMEN
513 2284 601 2320 111.
650 2286 850 2335 „Justum
885 2296 936 2323 ac
968 2283 1178 2323 tenacem”
1211 2284 1262 2322 ob
1296 2285 1472 2336 Auyusez·

133 2356 298 2396 nomen,
334 2345 440 2395 qnod
472 2346 515 2383 in
546 2357 583 2383 V.
622 2346 681 2384 11.
716 2347 880 2396 legitur,
915 2357 995 2383 non
1028 2348 1159 2395 potest
1185 2349 1275 2385 ante
1311 2359 1345 2384 a.
1382 2347 1468 2384 727.

134 2407 320 2458 scriptum
347 2419 446 2445 esse.
498 2408 602 2445 Male
637 2409 768 2444 autem
791 2410 883 2456 post
907 2409 1133 2445 Massonum
1156 2404 1257 2461 (vit.
1284 2419 1323 2456 p.
1351 2403 1470 2460 267.)

134 2466 250 2514 vulgo
273 2471 441 2507 refertur
466 2468 517 2507 ad
542 2480 575 2506 a.
605 2469 713 2520 733.,
753 2469 872 2506 etiam
897 2481 922 2506 a
946 2470 1103 2507 Kirchn.
1136 2470 1180 2507 in
1214 2469 1292 2507 tab.
1320 2468 1400 2506 chr.
1429 2470 1471 2506 et

137 2529 285 2567 Grotef.
311 2542 350 2580 p.
377 2530 462 2570 472.
490 2532 528 2571 b.
547 2527 852 2584 (733—734.),
879 2531 1046 2570 maxime
1063 2533 1223 2582 propter
1248 2542 1284 2567 v.
1314 2530 1362 2568 43
1389 2537 1468 2580 sq.t
