1643 2959
637 173 913 217 —219—

307 285 460 323 Romae
482 284 678 333 pre'ncipis
702 286 866 324 urbium

374 347 580 395 Difflmtur
604 348 766 385 suboles
789 349 894 385 inter
921 345 1116 385 amabiles

310 407 459 446 Vatum
480 419 632 456 ponere
655 419 721 447 me
747 409 900 459 choros,

371 471 426 507 Et
441 469 537 516 jam
563 473 680 508 dente
704 473 842 508 minus
867 472 1053 509 mordeor
1077 469 1224 508 invido.

106 528 254 567 Eodem
280 541 397 568 sensu
424 522 561 569 ductus
590 532 745 581 scripsit
771 531 1014 568 cARMEN
1038 530 1167 567 vul.
1202 531 1441 581 „Donarem

101 593 296 639 pateras„
321 593 370 629 ad
398 594 674 644 Censorinum,
710 593 953 630 cummi
977 593 1061 629 lx.
1097 594 1190 643 „Ne
1220 591 1325 639 forte
1351 604 1441 631 cre-

106 655 211 691 da32’
236 656 276 690 et
301 666 325 691 a
351 665 427 703 quo
454 655 583 692 exorsi
620 667 752 692 sumns
787 654 1030 691 cunum
1055 654 1136 690 vl.
1162 655 1298 705 „Dice
1323 665 1442 704 quem

101 716 275 765 proles’z,
317 715 358 752 in
401 727 478 764 quo
516 717 648 765 poesis
689 728 782 753 suae
822 719 945 754 artem
985 719 1025 753 et
1063 727 1206 753 nomen
1243 718 1382 764 poetae
1417 727 1441 752 a

104 777 262 814 Phoebo
289 776 446 824 quidem
473 777 653 825 Apolline
694 777 873 826 deducit,
914 778 984 814 sed
1023 780 1155 814 tamen
1189 778 1289 814 bene
1323 777 1442 826 pretii

105 837 165 874 sui
192 848 333 884 gnarus
360 839 499 886 puellis
526 847 666 883 magno
684 838 822 874 honori
848 839 929 874 sore
956 838 1077 874 libere
1097 839 1310 889 profitetur,
1338 838 1443 887 quod

105 909 260 936 carmen
285 899 541 936 Horatianum
567 898 722 947 publice
750 898 1057 947 decantaverint,
1085 898 1167 936 his:

307 962 445 1008 Nupta
463 959 559 1007 jam
585 962 714 997 dices:
740 970 811 1007 eqo
838 961 914 997 Dis
941 962 1119 998 amicum

307 1023 482 1061 Saeculo
506 1019 635 1068 festas
659 1017 859 1067 referente
885 1022 1009 1070 luces,

307 1086 479 1123 Reddidi
505 1094 690 1134 carmen,
725 1084 864 1120 docilis
889 1084 1101 1121 modorum

746 1145 858 1183 Vatis
883 1145 1038 1184 Horati.

211 1270 454 1309 cnm
479 1270 585 1308 vn.
634 1269 872 1321 „Diffuyere
904 1271 1046 1309 πίινεκ»
1081 1281 1313 1320 quamquam
1347 1274 1442 1310 tem-

106 1334 213 1384 poris
241 1334 394 1371 indiciis
421 1334 534 1382 plane
562 1336 679 1379 caret,
707 1345 730 1370 a
757 1329 969 1371 Kirchncro
996 1336 1126 1369 tamen
1153 1330 1252 1385 (tab.
1282 1332 1385 1387 chr.)
1403 1337 1444 1371 et

108 1397 333 1434 VVeicherto
361 1395 408 1432 de
435 1397 524 1432 Var.
553 1397 593 1432 et
621 1395 725 1433 Cass.
753 1406 791 1443 p.
820 1395 904 1432 305.
934 1394 984 1432 ad
1010 1406 1043 1431 a.
1066 1395 1149 1432 738.
1177 1395 1342 1432 relatum
1369 1398 1443 1446 est,

108 1470 133 1495 a
160 1459 305 1495 Grotes.
333 1468 371 1505 p.
400 1457 484 1494 475.
520 1456 569 1493 ad
604 1456 770 1493 eundem
807 1457 869 1493 vel
909 1456 959 1493 ad
998 1459 1215 1505 sequentes.
1270 1458 1444 1501 Quorum

109 1519 379 1558 confidentiam
412 1518 544 1555 mirari
583 1518 685 1556 licet.
738 1518 841 1562 Quid
883 1518 1023 1555 attinet
1061 1520 1208 1555 certum
1251 1519 1445 1567 quendam

109 1592 252 1619 annum
278 1591 349 1628 pro
375 1580 495 1616 natali
522 1579 722 1617 venditare
749 1580 952 1629 carminis,
994 1579 1098 1628 quod
1136 1580 1238 1617 intra
1273 1581 1444 1629 quinque

109 1654 231 1681 annos
258 1636 506 1693 (737—41.)
533 1641 649 1678 scribi
675 1642 849 1691 potuisse
878 1638 1045 1678 scimus!
1089 1641 1178 1678 Non
1203 1642 1327 1689 magis
1354 1653 1443 1679 con-

110 1707 201 1754 stat,
228 1704 278 1741 ad
305 1714 419 1751 quem
446 1702 577 1739 datum
604 1703 676 1753 sit,
703 1714 935 1752 quamquam
961 1703 1034 1740 hac
1061 1714 1214 1751 quoque
1240 1704 1282 1740 in
1307 1714 1348 1739 re
1376 1703 1444 1740 ho-

110 1766 234 1803 mines
279 1765 383 1802 docti
421 1763 471 1801 ad
510 1765 702 1813 quaslibet
740 1766 980 1812 conjecturas
1027 1764 1195 1812 prompti
1241 1764 1444 1813 paratique

111 1829 278 1865 suerunt.
331 1827 569 1875 Torquatum
595 1826 762 1863 eundem
789 1838 889 1875 esse,
917 1825 979 1862 cui
1007 1826 1151 1873 scripta
1177 1827 1237 1862 est
1264 1826 1376 1874 epist.
1407 1827 1444 1877 l,

111 1889 147 1926 5.
175 1889 215 1926 in
241 1890 418 1926 confesso
447 1890 516 1925 est.
569 1888 657 1926 Non
683 1889 812 1924 autem
839 1898 954 1936 posse
980 1885 1144 1934 intelligi
1170 1887 1216 1924 L.
1242 1889 1445 1926 Manlium

111 1952 379 2001 Torquatum,
406 1949 540 1987 decem
565 1951 645 1987 fere
671 1949 804 1987 lustris
829 1952 923 1986 natu
950 1949 1135 1995 majorem
1161 1949 1336 1999 Horatio,
1364 1960 1441 1987 cos,

111 2025 146 2050 a.
174 2024 211 2050 u.
240 2024 272 2050 c.
299 2012 409 2062 689„
436 2014 515 2048 tam
540 2011 807 2061 manifestum,
847 2013 891 2047 ut
916 2011 1055 2047 mirum
1089 2011 1141 2047 sit
1168 2011 1379 2060 Cruquium
1405 2014 1444 2048 et

111 2074 319 2113 Dacerium
344 2074 386 2111 in
412 2074 511 2111 hanc
536 2073 759 2123 opinionem
786 2072 958 2123 potuisse
984 2071 1168 2110 incidere.
1204 2073 1285 2111 Hos
1312 2073 1444 2110 dedita

112 2147 233 2185 opera
265 2136 407 2173 refellit
440 2136 611 2173 Masson.
646 2136 714 2172 vit.
741 2136 790 2172 H.
817 2147 856 2184 p.
883 2134 954 2171 211
985 2145 1040 2182 sq.
1091 2134 1173 2172 Nec
1205 2134 1444 2181 cognominis

114 2197 198 2244 ejus
237 2197 337 2234 filius
375 2197 421 2235 L.
447 2199 631 2235 Manlius
658 2198 886 2247 Torquatus
919 2195 1155 2233 Horatianus
1190 2207 1276 2233 esse
1312 2198 1444 2246 potest

115 2259 355 2308 Torquatus,
398 2268 631 2307 quamquam
665 2269 735 2308 pro
770 2259 843 2296 hac
878 2258 1072 2295 sententia
1114 2257 1328 2295 doctissimi
1369 2257 1443 2294 viri

113 2321 404 2370 propugnarunt
429 2316 656 2373 (Wieland.‚
683 2320 901 2358 Thorbeck.
929 2320 977 2357 de
1003 2320 1111 2357 Asin.
1139 2319 1232 2357 Poll.
1260 2331 1297 2368 p.
1316 2320 1376 2356 71.
1404 2321 1443 2355 et

115 2382 263 2430 Meyer.
298 2381 340 2419 in
373 2383 506 2429 fragm.
542 2383 655 2418 oratt.
692 2381 801 2418 Rom.
838 2393 876 2430 p.
901 2377 1023 2434 218.)
1075 2381 1114 2419 Is
1148 2381 1250 2418 enim
1284 2383 1323 2417 et
1357 2380 1442 2428 ipse

115 2443 276 2481 Horatio
317 2445 444 2482 aetate
483 2443 645 2480 multum
684 2442 857 2480 anteivit.
909 2445 997 2481 Jam
1031 2454 1067 2481 a.
1100 2443 1186 2480 688.
1221 2443 1262 2479 Ρ.
1298 2441 1440 2491 Sullae,

117 2505 265 2542 consuli
291 2504 491 2553 designato
519 2504 588 2542 sed
613 2504 781 2542 ambitus
807 2507 1005 2556 accusato,
1033 2505 1272 2542 consulatum
1299 2503 1442 2552 eripuit

119 2567 159 2603 et
183 2564 233 2604 ad
269 2569 419 2616 patrem
458 2566 605 2604 detulit.
657 2566 704 2605 A.
733 2567 817 2606 709.
857 2567 960 2606 diem
998 2576 1218 2617 supremum
1255 2564 1364 2603 obiit.
1390 2586 1439 2594 —
