1643 2959
693 151 969 197 —215—

162 267 241 302 tam
281 274 367 300 esse
405 273 565 300 neeesse
606 264 676 300 est.
741 264 843 301 Ante
878 266 914 302 d.
947 262 1017 301 11⁷.
1049 263 1130 302 Cal.
1166 263 1282 313 Sept„
1321 264 1488 313 inquam.

161 327 260 364 Nam
277 325 325 362 ab
343 325 415 362 hoc
434 324 496 361 die
514 324 699 373 Aegyptii
724 336 861 362 revera
879 336 1000 362 annos
1018 324 1283 362 numerabant.
1326 326 1491 373 Aequie-

162 397 312 424 scamus
339 387 457 433 igitur
482 386 523 422 in
551 397 618 435 eo,
647 386 750 435 quod
778 386 980 423 didicimus
999 386 1171 435 Aegypti
1188 385 1324 423 urbem
1341 389 1493 435 captam

162 460 248 485 esse
275 450 373 496 ipsis
403 448 485 485 Cal.
513 448 652 485 Sea-cil.
689 459 723 485 a.
750 459 786 484 u.
815 460 846 485 c.
875 448 960 484 724.
1013 447 1090 485 Adi
1123 448 1294 484 Masson.
1328 447 1370 484 in
1402 448 1492 485 Jani

161 510 292 557 templ.
328 520 446 546 reser.
475 507 521 557 ΓΡ.
559 509 631 546 178
658 519 713 557 sq.
750 509 818 546 vit.
855 510 948 546 Hor.
982 520 1018 557 p.
1046 509 1154 558 339.‚
1188 509 1348 557 interpr.
1375 509 1489 546 Dion.

159 571 221 621 51,
251 571 309 608 19.
339 568 418 619 (ed.
448 571 570 608 Sturz.
597 571 660 609 VI.
688 582 726 620 p.
754 571 814 608 21.
842 573 921 608 not.
951 567 1059 624 139.)
1087 573 1127 608 et
1151 570 1328 619 inprimis
1354 569 1488 608 Ideler.

158 632 182 669 l.
210 633 235 669 l.
264 643 302 680 p.
337 633 407 668 154
435 643 491 680 sq.

259 695 293 731 3.
348 693 497 737 Quodsi
540 696 688 731 certum
731 697 791 732 est
825 697 974 734 Raetos
1007 697 1047 733 et
1082 695 1311 733 Vindelicos
1345 693 1492 741 junctis

158 754 306 793 Tiberii
341 757 381 791 et
413 754 533 791 Drusi
567 755 714 791 viribus
748 766 885 793 mense
916 757 1062 794 Sea-tili
1095 755 1176 806 (vel
1202 756 1235 792 si
1262 756 1384 792 mavis
1411 755 1490 793 Cal.

158 814 295 868 Sext.)
331 826 364 852 a.
393 815 477 851 739.
513 814 692 851 subactos
721 827 828 865 esse,
864 816 1064 853 videamus
1100 816 1255 864 quando
1289 815 1492 853 Horatium

158 887 272 914 carm.
302 876 335 913 4.
363 877 403 912 et
426 875 485 911 14.
514 876 777 922 composuisse
805 876 1016 912 verisimile
1044 877 1105 913 sit.

257 938 315 975 Ac
340 941 534 986 quartum
568 936 745 986 quidem,
780 937 821 973 in
857 947 933 985 quo
967 939 1055 975 sola
1089 939 1219 976 Drusi
1250 937 1417 975 victoria
1444 937 1491 974 de

157 998 368 1037 Vindelicis
402 998 600 1046 reportata
627 997 866 1047 celebratur,
909 998 1157 1035 manifestum
1207 1000 1267 1035 est
1314 1000 1493 1046 poluisse

157 1060 295 1110 scribi,
324 1070 411 1096 cum
437 1058 601 1096 Romani
628 1058 675 1094 de
701 1069 889 1107 prospero
925 1061 1065 1096 eventu
1100 1060 1247 1108 primae
1276 1059 1491 1108 expeditio-

155 1123 216 1159 nis
242 1133 266 1158 a
293 1121 373 1157 solo
392 1121 520 1157 Druso
547 1119 732 1156 adversus
751 1122 885 1166 gentes
903 1121 1066 1169 Alpinas
1085 1123 1287 1169 susceptae
1307 1121 1491 1158 certiores

154 1182 247 1220 facti
275 1183 428 1231 essent,
455 1181 492 1218 h.
523 1193 555 1218 e.
584 1192 674 1218 vere
702 1182 764 1218 vel
789 1182 949 1218 ineunte
978 1185 1125 1219 aestate
1160 1183 1252 1219 anni
1278 1182 1363 1218 739.
1414 1182 1490 1218 Sed

153 1245 328 1294 profecto
355 1243 472 1290 etiam
505 1253 671 1281 necesse
704 1248 763 1281 esc
794 1243 859 1280 illo
886 1245 1060 1292 tempore
1090 1246 1217 1280 ortum
1244 1243 1295 1280 sit
1322 1253 1490 1292 carmen,

154 1309 194 1343 et
219 1305 375 1354 quidem
401 1306 610 1353 antequam
642 1295 841 1341 Tiberium
876 1305 971 1341 istos
1007 1305 1171 1354 populos
1199 1307 1239 1342 et
1265 1315 1490 1352 aggressum

154 1378 240 1405 esse
276 1369 316 1403 et
348 1367 605 1414 prostravisse
632 1366 777 1403 Romae
813 1368 1019 1403 constaret.
1073 1367 1227 1404 Etenim
1260 1376 1339 1402 non
1366 1366 1490 1402 solum

153 1427 441 1477 imprudenter,
470 1427 612 1473 injuste
640 1430 679 1464 et
704 1428 856 1465 inficete
878 1427 1062 1465 Horatius
1091 1429 1247 1477 egisset,
1276 1426 1346 1464 sed
1363 1427 1487 1475 impu-

153 1491 290 1527 denter
307 1489 424 1526 etiam
438 1491 477 1525 et
491 1489 649 1539 rustice,
679 1489 711 1525 si
731 1490 855 1526 solum
873 1490 1043 1526 Drusum
1063 1488 1378 1538 splendidissimo
1405 1499 1487 1525 car-

152 1552 256 1589 mine
283 1553 365 1587 tum
383 1549 594 1600 laudasset,
623 1562 710 1588 cum
728 1550 876 1588 Tiberii
902 1550 1087 1587 victoriae
1109 1550 1192 1596 jam
1208 1552 1324 1586 notae
1343 1551 1485 1586 essent.

150 1614 239 1652 Non
272 1611 452 1660 equidem
485 1611 695 1648 verisimile
731 1612 895 1649 dixerim
928 1614 1083 1660 poetam
1117 1612 1164 1648 de
1198 1610 1389 1648 industria
1422 1621 1486 1647 res

150 1677 281 1722 gestas
307 1673 455 1710 Tiberii
480 1673 673 1710 malitioso
700 1685 790 1710 vere
818 1673 973 1710 silentio
998 1675 1308 1721 praetervectum
1334 1682 1420 1708 esse
1446 1673 1486 1707 et

150 1736 207 1772 ita
232 1733 315 1780 ejus
346 1734 489 1780 gloriae
524 1734 773 1772 obtrectasse.
827 1735 916 1773 Non
952 1734 1132 1781 equidem
1164 1734 1369 1770 Horatium
1403 1743 1484 1769 cre·

151 1796 316 1834 diderim
336 1794 483 1841 justam
509 1795 592 1842 ejus
619 1796 874 1833 offensionem
900 1795 1002 1831 ultro
1038 1794 1113 1831 sibi
1139 1794 1400 1843 contraxisse,
1435 1804 1482 1830 eo

149 1858 277 1896 minus
292 1867 368 1905 quo
382 1857 632 1906 suspiciosior
643 1856 823 1894 Tiberius
839 1858 878 1893 et
891 1856 941 1892 ad
957 1855 1144 1892 invidiam
1157 1856 1372 1904 promptior
1388 1857 1481 1892 erat.

148 1920 202 1958 Et
227 1929 314 1956 cum
347 1918 450 1955 inter
482 1918 686 1955 Horatium
720 1919 760 1954 et
785 1918 984 1955 Tiberium
1010 1919 1095 1954 arta
1119 1927 1243 1966 paene
1269 1916 1481 1956 necessitas

149 1979 414 2018 intercesserit
428 1974 562 2033 (epist.
584 1979 619 2029 l,
646 1979 683 2016 9.
699 1979 736 2029 2,
751 1979 787 2015 2.
809 1975 866 2031 l.)
884 1981 999 2028 atque
1015 1978 1076 2015 hic
1103 1978 1415 2027 splendidissima
1441 1980 1482 2015 et

151 2043 303 2080 sincera
339 2040 454 2078 laude
488 2043 648 2078 ornetur
680 2040 720 2078 in
755 2040 817 2077 od.
856 2040 934 2077 14.:
977 2050 1076 2087 quae
1109 2040 1267 2077 tandem
1299 2039 1481 2077 invidiosi

149 2104 263 2140 istius
291 2102 436 2139 silentii
462 2113 599 2139 caussa
625 2098 768 2138 fuerit'3
819 2101 922 2145 Quid
948 2101 1052 2149 quod
1077 2101 1201 2150 prima
1218 2101 1337 2139 Drusi
1361 2100 1482 2137 victo-

150 2165 209 2202 ria
234 2166 336 2213 tum,
364 2173 451 2200 cum
477 2162 690 2200 debellatos
716 2163 879 2211 populos
915 2162 1041 2199 denuo
1074 2165 1201 2199 motus
1227 2163 1364 2199 fecisse
1391 2163 1431 2198 et
1457 2173 1480 2198 a

150 2224 308 2264 Tiberio
335 2223 489 2261 demum
515 2224 694 2262 subactos
722 2235 808 2261 esse
835 2225 996 2261 eventus
1022 2224 1237 2273 docuisset,
1263 2225 1342 2260 tam
1358 2222 1479 2260 effusa

150 2286 264 2324 laude
290 2296 340 2322 ne
367 2285 483 2332 digna
508 2286 665 2334 quidem
691 2285 855 2333 amplius
882 2283 992 2322 erat‘3
1041 2286 1141 2322 Hinc
1167 2287 1272 2322 certo
1289 2284 1478 2322 evincitur

153 2358 307 2385 carmen
333 2347 367 2384 4.
396 2348 485 2383 ante
513 2347 595 2396 14.‚
623 2348 662 2383 et
687 2347 834 2394 aliquot
858 2347 1055 2384 mensibus
1082 2349 1170 2384 ante
1195 2358 1315 2383 menS.
1343 2345 1474 2382 Sextil.

154 2420 188 2445 a.
221 2409 309 2455 739.
345 2407 600 2456 compositum
642 2418 740 2444 esse.
801 2407 909 2444 Idem
943 2410 1118 2446 accurate
1160 2408 1363 2457 probatum
1402 2405 1476 2442 ivit

152 2469 308 2507 Kirchn.
332 2469 375 2507 in
399 2471 547 2518 quaest.
580 2479 618 2518 p.
642 2468 691 2505 32
714 2478 770 2517 sq.
786 2466 824 2519 §.
850 2469 911 2506 60.
941 2471 980 2506 et
1004 2471 1084 2506 not.
1103 2469 1139 2507 8.
1166 2490 1216 2498 —
1265 2466 1422 2505 Plurimi
1447 2478 1472 2505 a

154 2541 246 2568 vero
271 2531 470 2581 aberrant,
498 2530 589 2568 dum
614 2529 727 2568 odam
752 2529 813 2568 vel
839 2530 889 2569 ad
915 2541 948 2568 a.
984 2531 1068 2570 740.
1103 2530 1274 2568 referunt
1303 2524 1470 2582 (Gruter.
