1643 2959
665 224 950 267 ...ξορρ

141 333 294 385 άίῙΙὶιεα
319 335 370 373 ad
394 332 606 383 potandum
631 332 920 381 promittuntur.
974 332 1110 381 Neque
1135 335 1265 371 tamen
1290 337 1351 372 est
1366 334 1470 384 quod

140 398 242 435 ultra
274 409 310 436 a.
345 395 429 432 734.
466 394 672 442 epistolam
713 395 910 444 proferas,
953 394 1185 443 praesertim
1218 405 1305 433 cum
1336 397 1470 434 vinum

140 459 245 496 haud
271 457 441 505 optimae
467 457 583 493 notae
610 455 747 506 fuerit,
775 457 944 493 testante
971 468 1006 492 v.
1034 456 1092 493 6.:

331 519 435 569 „Sin
446 519 591 555 melius
606 519 707 567 quid
722 518 859 570 habes,
878 527 1040 556 arcesse
1056 519 1123 555 vel
1136 518 1351 566 imperium
1366 516 1472 565 fen„

142 581 313 619 Galenus
347 579 505 627 quidem
539 579 644 628 apud
676 579 820 617 Athen.
855 579 885 616 Ι.
921 591 960 628 p.
988 579 1049 616 26.
1085 579 1189 616 111101·
1220 579 1313 616 vina
1337 579 1473 617 Italica

139 642 287 679 nullum
321 643 544 691 enumerat,
581 641 687 689 quod
721 643 811 678 ante
845 641 1023 689 quintum
1065 652 1208 678 annum
1251 635 1473 688 ἐπιτήδειον

137 703 333 742 πίνεσθαι
361 703 433 754 sit⁷
461 705 500 740 et
526 704 750 741 Falernum
775 724 826 731 —
859 703 922 740 cui
949 705 1155 750 cognatum
1189 701 1473 751 quodammodo

137 766 245 803 dicas
270 766 403 802 vinum
430 764 478 802 ab
504 765 668 802 Horatio
685 765 748 802 1110
765 766 1020 802 memoratum
1035 786 1086 793 —-
1111 764 1247 802 scribit
1272 775 1297 801 a
1323 763 1475 802 decimo

137 839 239 865 anno
272 826 446 876 πότιμον
480 837 566 863 0550
600 828 667 864 καὶ
713 824 796 864 ἀπὸ
838 822 1116 864 πειτεκαίδεκα
1155 827 1273 878 μέχρι
1313 824 1473 875 εἴκοσιν,

137 889 330 927 vetustius
357 899 451 926 vero
476 887 776 938 κεφαλαλγικόν.
827 889 928 926 Huic
962 891 1093 924 tamen
1126 898 1205 924 non
1238 897 1474 935 magnopere

137 950 408 989 confidendum
447 960 533 986 esse
572 949 663 986 inde
701 949 846 998 liquet,
885 949 990 997 quod
1023 949 1210 986 Sabinum
1244 959 1268 986 a
1307 949 1474 997 septimo

138 1014 293 1050 demum
320 1011 460 1048 aetatis
486 1020 588 1046 anno
614 1010 697 1046 bibi
723 1021 838 1057 posse
875 1010 998 1059 dixit,
1027 1019 1261 1057 quamquam
1285 1010 1474 1046 Horatius

138 1075 243 1111 idem
268 1073 402 1109 vinum
429 1073 571 1108 caudet
602 1074 865 1120 quadrimum
898 1071 941 1107 in
974 1070 1036 1106 od.
1075 1070 1118 1120 1,
1154 1071 1190 1107 9.
1227 1071 1263 1108 7.
1300 1067 1374 1121 (ef.
1409 1070 1472 1107 od.

138 1137 173 1185 1,
200 1135 261 1172 20.
291 1146 328 1183 p.
357 1128 479 1184 162.).
531 1133 660 1175 Quare
687 1143 766 1169 non
792 1132 947 1168 videtur
975 1131 1231 1168 dubitandum
1265 1142 1351 1168 esse
1379 1132 1474 1180 quin

137 1197 271 1233 vinum
297 1207 331 1232 a.
360 1195 446 1231 728.
475 1194 675 1231 conditum
701 1196 790 1242 post
817 1194 986 1242 quinque
1021 1205 1141 1230 sexve
1168 1204 1290 1230 annos
1317 1193 1366 1230 ab
1393 1194 1473 1229 Ho-

135 1258 236 1296 ratio
264 1257 535 1306 depromptum
563 1256 624 1292 sit.
679 1255 754 1292 Sed
780 1255 836 1292 nil
861 1255 1063 1291 tribuerim
1080 1255 1254 1291 Massoni
1280 1254 1473 1302 conjectu-

136 1332 225 1367 rae,
254 1319 321 1368 qui
347 1318 389 1355 in
413 1318 481 1354 w't.
510 1318 603 1354 Hor.
632 1329 670 1365 p.
698 1317 784 1353 208.
821 1316 921 1353 hanc
957 1316 1162 1365 epistolam
1195 1315 1356 1352 biennio
1385 1318 1475 1363 post

136 1394 172 1419 a.
200 1381 285 1417 728.
323 1379 577 1428 compositam
612 1390 698 1415 esse
733 1380 928 1427 autumat,
964 1389 1104 1426 nempe
1133 1376 1238 1425 quod
1263 1377 1306 1413 in
1339 1388 1376 1413 v.
1411 1376 1472 1413 24.

139 1442 310 1481 Cornelii
338 1442 440 1478 Galli
475 1451 553 1477 nex
579 1451 612 1477 a.
642 1440 728 1476 728.
756 1442 858 1476 sacta
883 1441 1063 1487 respecta
1091 1439 1153 1475 sit.
1205 1439 1306 1476 Nam
1339 1439 1383 1475 ut
1416 1440 1474 1475 ta-

138 1517 248 1542 ceam
274 1515 324 1540 ne
351 1502 590 1539 levidensem
618 1501 775 1550 quidem
809 1502 1046 1537 mentionem
1077 1499 1124 1536 dc
1152 1500 1264 1536 Gallo
1291 1499 1473 1546 injectam

137 1578 247 1617 esse,
291 1565 425 1602 nescio
461 1575 511 1600 311
545 1564 679 1600 vinum
719 1564 822 1599 inter
856 1563 1075 1599 Minturnas
1120 1561 1473 1608 Sinuessanumque

135 1628 334 1665 Petrinum
359 1628 493 1662 natum
519 1626 586 1662 vili
613 1625 729 1662 fuerit
755 1625 883 1673 vilius,
912 1625 944 1659 si
959 1623 1106 1659 bimum
1131 1623 1214 1658 fuit.
1266 1623 1474 1658 Praeterea

138 1688 245 1726 aliud
281 1690 341 1724 est
382 1687 591 1736 indicium,
636 1686 740 1734 quod
782 1696 862 1722 11011
906 1685 1029 1721 50111111
1072 1683 1248 1720 1113550111
1281 1682 1473 1720 rationem

139 1749 304 1798 evertit,
345 1748 414 1785 sed
450 1747 587 1784 suadet
622 1748 762 1796 etiam,
798 1748 841 1782 ut
876 1748 963 1794 ipso
998 1756 1108 1783 anno
1146 1744 1249 1782 734.
1276 1745 1475 1781 exaratam

141 1812 247 1848 dicas
276 1810 492 1858 epistolam.

238 1872 423 1909 Horatius
452 1871 555 1908 enim
581 1871 820 1918 Torquatum
847 1882 870 1906 a
895 1869 1063 1916 negotiis
1099 1871 1139 1905 et
1169 1868 1272 1905 curis
1301 1866 1352 1905 ad
1378 1867 1473 1905 hila-

138 1945 220 1971 rem
247 1944 408 1971 coenam
434 1935 665 1970 avocaturus
695 1932 766 1968 hoc
793 1932 915 1968 utitur
941 1933 1168 1978 argumento
1196 1941 1232 1966 v.
1260 1930 1319 1966 9.:

555 2016 606 2022 —
662 1994 762 2031 Cras
786 1998 884 2031 nato
916 1993 1090 2031 Caesare
1113 1990 1245 2038 festus

339 2059 424 2095 Dal
448 2059 608 2093 reniam
633 2066 902 2104 somnumque
928 2057 1030 2092 dies:
1056 2055 1214 2102 impune
1239 2051 1374 2090 licebit

340 2119 542 2155 Aestivam
569 2128 746 2154 5011110110
772 2117 941 2163 benigno
970 2116 1129 2152 tendere
1156 2116 1321 2152 noctem.

141 2182 187 2219 In
220 2181 280 2217 his
315 2181 445 2218 verbis
481 2179 703 2224 ambiguum
739 2181 820 2228 051,
856 2180 985 2214 utrum
1020 2178 1116 2214 Divi
1147 2176 1252 2212 Julii
1281 2174 1472 2211 Caesaris

143 2254 193 2280 an
227 2242 399 2290 Auyuste'.
432 2241 535 2277 diem
569 2240 738 2276 1131310111
775 2238 1058 2284 significaverit.
1118 2234 1207 2274 Non
1242 2245 1471 2271 commemo·

141 2304 238 2342 rabo
264 2303 367 2339 0111111
392 2302 558 2339 Rodellii
585 2304 625 2337 et
650 2299 845 2337 Sanadoni
872 2298 1084 2335 sententias
1112 2297 1162 2334 ad
1189 2295 1344 2343 Gajum
1366 2296 1471 2334 Cae-

143 2375 301 2414 sarem,
327 2364 452 2401 Juliae
479 2364 620 2412 filium,
647 2372 748 2398 311110
777 2361 862 2398 734.
890 2362 1025 2396 natum
1052 2356 1151 2410 (Dio
1177 2359 1239 2408 54,
1265 2353 1347 2409 8.)‚
1374 2357 1470 2394 haec

144 2425 417 2474 referentium,
443 2436 539 2472 quos
567 2425 750 2462 Massono
778 2419 868 2476 (vit.
896 2423 989 2460 Hor.
1016 2433 1053 2469 p.
1082 2416 1192 2473 208.)
1218 2421 1257 2456 et
1276 2418 1470 2456 Sclunidio

145 2484 210 2537 (in
236 2487 329 2524 edit.
358 2497 418 2536 ep.
448 2486 478 2522 Ι.
507 2498 544 2534 p.
574 2482 681 2538 120.)
707 2485 850 2522 rectius
877 2483 1059 2520 refutavit
1076 2481 1284 2519 Weichert.
1314 2480 1362 2517 de
1379 2482 1468 2518 Var.

146 2552 187 2585 et
223 2550 330 2587 Cass.
364 2559 404 2596 p.
439 2547 524 2584 314.
561 2568 611 2575 —
660 2546 839 2594 Plerique
874 2546 1087 2593 praeeunte
1122 2542 1246 2580 Schol.
1282 2541 1468 2590 Porphyr.

147 2611 190 2648 C.
223 2612 326 2649 Julii
363 2611 549 2649 Caesaris
584 2608 686 2646 diem
720 2607 888 2645 natalem
922 2605 1213 2653 intelligendum
1247 2615 1334 2642 esse
1367 2602 1468 2641 arbi-
