1643 2959
702 257 756 263 -
801 235 979 276 126—

172 345 263 383 dum
312 345 444 382 aetate
491 341 644 391 suisse,‘
683 352 771 379 cum
816 342 1010 379 Antonius
1057 342 1262 389 epistolam
1295 341 1496 392 scriberet,

174 409 215 444 et
242 406 419 444 Caesaris
445 403 568 440 amori
592 402 801 440 indulsisse
828 405 1035 451 antequam
1067 403 1287 440 Maecenati
1317 403 1494 441 nuberet.

171 468 272 506 Hinc
297 465 461 514 puellari
487 465 703 501 assuefacta
728 464 948 513 proterviae
976 475 1020 500 ac
1036 464 1220 501 lasciviae
1237 475 1374 512 parum
1390 466 1498 502 casta

172 531 213 566 et
237 528 312 565 fida
336 537 436 563 uxor
462 528 566 576 erat,
600 536 674 563 nec
709 527 888 573 exiguam
923 526 1076 573 conjugi
1103 524 1260 562 creabat
1295 536 1426 562 curam
1458 528 1499 562 et

172 588 481 628 sollicitudinem.
515 588 692 636 Apparet
718 590 848 625 autem
873 587 1140 624 Maecenatem
1166 588 1256 634 post
1281 598 1316 623 a.
1345 586 1499 623 demum

167 652 279 700 720.‚
307 651 471 686 fortasse
498 649 577 687 alta
603 649 717 686 domo
742 650 785 686 in
809 649 995 697 Esquiliis
1022 649 1219 697 perfecta,
1253 649 1298 684 ut
1331 647 1500 693 conjecit

167 712 325 750 Kirchn.
354 712 502 759 quaest.
529 722 566 759 p.
595 711 671 761 28„
697 711 723 748 i.
752 723 784 748 e.
813 722 914 747 anno
939 710 1024 746 721.
1052 710 1116 747 vel
1142 709 1226 746 722.
1278 708 1500 747 Terentiam

169 773 327 811 duxisse
352 784 527 810 uxorem.
579 773 668 810 Jam
694 784 781 809 cum
816 772 983 820 epodum
1016 773 1051 809 3.
1079 771 1291 808 verisimile
1325 770 1378 806 sit
1410 771 1500 806 ante

169 835 355 883 scriptum
383 846 469 870 esse
497 845 613 882 quam
639 834 846 870 Maecenas
882 835 1019 870 nosset
1053 833 1355 881 pulcherrimam
1388 841 1501 868 suam

169 907 372 945 sponsam:
391 895 493 942 jure
519 907 611 933 eum
639 898 695 932 ad
721 906 817 932 ann.
848 896 952 933 719.
982 900 1054 932 aut
1081 896 1183 931 720.
1210 895 1406 932 retuleris.
1440 893 1500 929 Ea

167 960 295 995 aetate
321 957 506 994 Horatius
534 958 624 1004 apte
651 958 808 1004 poterat
840 956 882 992 in
916 958 1142 992 transcursu
1175 955 1356 992 vellicare
1385 953 1499 992 Cani-

167 1019 271 1056 diam
296 1031 332 1055 v.
361 1019 396 1055 7.
418 1029 507 1068 „an
533 1019 668 1054 malas
699 1018 873 1054 Canidia
898 1020 1089 1054 tractavit
1114 1019 1239 1064 dapes
1249 1011 1298 1054 3³²
1322 1027 1414 1052 nam
1440 1017 1500 1051 fu-

161 1080 248 1122 ,sius
275 1080 312 1116 ei
338 1080 593 1116 insultaverat
619 1078 661 1114 in
687 1078 800 1126 epod.
829 1077 863 1113 5.
893 1079 933 1114 et
959 1079 1030 1114 sat.
1058 1078 1096 1128 11,
1125 1078 1159 1114 8.
1189 1077 1239 1113 ad
1267 1087 1356 1114 ann.
1373 1086 1499 1124 usque

165 1153 204 1178 u.
232 1153 264 1178 c.
292 1140 378 1177 718.
408 1140 575 1188 scriptis.
602 1161 654 1168 —-
677 1139 827 1176 VVeich.
864 1150 901 1186 p.
930 1140 998 1175 rel.
1026 1151 1064 1186 p.
1094 1140 1178 1175 454.
1207 1141 1287 1175 not.
1316 1138 1376 1175 42.
1406 1148 1499 1186 epo-

167 1203 258 1241 dum
285 1214 319 1239 a.
348 1202 433 1238 717.
462 1201 690 1250 adscripsit3
726 1201 884 1237 Kirchn.
921 1203 1070 1248 quaest.
1098 1201 1122 1237 1.
1150 1201 1175 1237 l.
1205 1211 1239 1237 a.
1268 1200 1378 1250 721.;
1405 1200 1499 1236 Pas-

166 1275 246 1302 εον.
273 1265 353 1300 not.
384 1263 468 1300 183.
497 1275 530 1300 a.
559 1263 669 1313 7233
698 1263 844 1299 Grotef.
872 1273 909 1310 p.
937 1261 1022 1297 462.
1040 1261 1078 1298 b.
1107 1272 1207 1298 anno
1234 1261 1319 1298 719.

263 1364 494 1402 EPODUS
520 1364 600 1400 lv-
644 1364 803 1413 „Lupis
830 1367 869 1401 et
894 1364 1040 1412 aym‘s„
1065 1363 1262 1400 confectus
1282 1362 1342 1397 est
1366 1361 1499 1399 medio

165 1440 202 1465 α.
244 1429 347 1465 716.
413 1428 538 1470 Quam
576 1425 767 1462 rationem
806 1427 895 1473 post
934 1425 1066 1461 doctas
1110 1423 1284 1460 Massoni
1323 1421 1498 1471 disputa-

164 1490 292 1527 tiones
329 1484 418 1539 (vit.
456 1489 550 1524 Hor.
578 1498 616 1534 p.
647 1487 716 1522 107
747 1482 827 1538 sq.)
864 1497 913 1522 ex
938 1485 1218 1522 recentioribus
1253 1484 1393 1532 plausu
1426 1494 1497 1520 suo

164 1550 437 1588 confirmarunt
470 1548 627 1586 Kirchn.
665 1549 815 1596 quaest.
842 1559 880 1595 p.
910 1547 945 1584 5.
974 1545 1011 1597 ξ.
1039 1547 1075 1583 9.
1104 1549 1143 1582 et
1169 1558 1208 1593 p.
1234 1546 1294 1582 20.
1322 1543 1360 1595 ξ.
1388 1545 1497 1582 39—-

163 1612 239 1661 40„
266 1611 478 1649 Weichert.
505 1622 543 1658 p.
571 1610 638 1646 rel.
666 1621 705 1657 p.
733 1610 834 1658 444„
863 1609 1008 1644 Grotef.
1036 1619 1073 1655 p.
1103 1606 1188 1643 460.
1204 1617 1254 1656 a.,
1282 1606 1427 1643 Obbar.
1453 1607 1496 1644 in

163 1673 274 1710 Seeb.
302 1673 416 1709 Jahn.
453 1673 493 1707 et
526 1671 649 1707 Klotz.
687 1670 812 1706 annal.
840 1670 915 1705 vol.
942 1669 1028 1706 XV.
1064 1679 1100 1715 p.
1130 1667 1190 1704 65.
1218 1667 1293 1704 vol.
1321 1667 1425 1705 XVI.
1453 1678 1494 1715 p.

161 1735 248 1784 49.;
273 1734 514 1781 reliquerunt
528 1743 620 1768 vero
646 1732 804 1768 Passov.
820 1733 899 1767 not.
917 1730 1016 1779 183„
1035 1729 1236 1779 Doering.,
1251 1727 1492 1766 Braunhard.

162 1816 213 1823 —
237 1795 391 1834 Aetatis
411 1793 686 1830 adminiculum
712 1792 904 1841 praebent
929 1804 965 1828 v.
997 1790 1195 1828 17-20,:

363 1855 467 1899 Quid
495 1855 635 1891 attinet
661 1857 720 1890 tot
747 1865 814 1890 ora
839 1853 998 1889 navium
1024 1852 1132 1899 gravi

426 1918 610 1954 Rostrata
636 1915 726 1952 duci
751 1914 922 1963 pondere

364 1981 507 2018 Contra
533 1979 703 2015 latrones
731 1979 847 2025 atque
875 1976 1056 2012 servilem
1081 1984 1250 2024 manum,

426 2042 510 2078 Hoc
537 2040 609 2076 hoc
635 2039 791 2076 tribuno
817 2034 1009 2074 militum?

163 2104 209 2141 In
234 2103 295 2140 his
323 2102 427 2139 enim
452 2101 546 2138 belli
572 2101 721 2137 navalis
749 2101 978 2148 apparatum
1003 2097 1165 2147 respici,
1196 2106 1310 2144 quem
1336 2094 1488 2132 Octavi-

163 2176 259 2202 anus
286 2176 320 2202 a.
349 2164 435 2201 716.
471 2162 676 2199 adornavit
710 2164 844 2199 contra
879 2161 964 2197 Sex.
1001 2158 1246 2207 Pompeium,
1281 2156 1346 2203 qui
1372 2158 1488 2203 rupto

162 2226 319 2264 foedere
344 2224 581 2273 Misenensi,
609 2223 713 2271 quod
740 2235 773 2259 a.
802 2223 886 2260 715.
915 2223 1058 2257 factum
1083 2221 1166 2256 erat
1184 2215 1281 2271 (Dio
1299 2217 1360 2268 48,
1387 2214 1487 2269 36.),

163 2287 298 2325 Italiae
324 2298 411 2323 oras
439 2286 560 2322 classe
588 2296 658 2321 sua
684 2284 809 2320 denuo
836 2282 1065 2331 infestabat,
1101 2281 1209 2329 patet
1235 2278 1346 2328 inde,
1382 2277 1487 2326 quod

165 2348 301 2397 copiae
327 2347 542 2384 maritimae
570 2348 609 2383 et
635 2348 838 2383 terrestres
865 2344 1060 2393 Pompeji,
1088 2354 1183 2391 quas
1209 2339 1356 2387 ingenti
1382 2339 1486 2387 pira-

165 2412 292 2447 tarum
315 2420 361 2447 ac
388 2419 585 2446 servorum
610 2407 780 2456 undique
808 2407 1054 2445 collectorum
1086 2413 1246 2441 numero
1281 2400 1485 2448 suppleve-

166 2473 228 2510 rat
249 2467 301 2525 1),
326 2469 529 2519 perspicue
545 2470 796 2517 designantur
815 2471 1051 2519 „latronum
1077 2471 1114 2504 et
1136 2464 1292 2503 servilis
1308 2462 1486 2500 manus„

255 2611 293 2653 1)
317 2611 360 2644 cf.
383 2610 443 2643 Dio
467 2609 522 2649 48,
545 2607 600 2643 19.
624 2608 681 2642 fin.
714 2608 847 2649 Appian.
870 2607 903 2639 b.
928 2607 989 2638 civ.
1011 2606 1043 2644 4,
1066 2604 1122 2637 85.
1153 2603 1234 2636 Vell.
1258 2605 1289 2642 2,
1313 2603 1366 2636 73.
1396 2601 1482 2635 Flor-

1626 953 1639 1010 «πα.
1624 898 1638 945 ’,μ
1621 834 1636 878 -aev
1617 669 1640 829 am·-
