1643 2959
675 205 961 248 -203—

150 317 242 355 trati
277 319 377 354 sunt.
432 317 508 360 Qui
542 327 630 355 cum
663 319 777 354 natus
813 317 866 354 sit
900 327 937 354 a.
971 318 1008 353 d.
1042 315 1114 353 IV.
1146 316 1208 354 Id.
1244 315 1377 361 Quint.
1413 312 1483 366 (cf.

151 379 356 418 Kalendar.
385 378 575 416 Amitern.
604 380 644 415 et
659 378 848 416 Antiatin.
877 379 920 415 in
936 379 1074 416 Orelliz‘
1097 377 1288 426 inscriptt.
1315 377 1382 415 lat.
1407 375 1484 413 vol.

150 441 198 481 11.
235 452 273 490 p.
310 442 396 479 394.
432 443 472 478 et
505 440 677 478 Macrob.
705 441 783 478 Sat.
813 440 856 490 1,
884 435 967 494 12.)
994 452 1029 478 a.
1056 451 1095 478 u.
1123 452 1155 478 c.
1181 440 1291 489 65⁵„
1317 448 1418 488 non,
1445 439 1489 473 ut

148 503 339 554 Porphyr.
367 502 508 553 tradit,
536 502 633 551 ipsis
659 502 758 539 Idib.
781 502 930 553 Quint,
958 504 1121 550 apparet
1147 502 1237 539 huic
1263 501 1342 538 diei
1367 500 1487 548 aptis-

151 566 289 604 simam
315 577 402 603 esse
428 569 585 604 noctem
609 575 728 613 quam
754 566 943 602 memorat
964 565 1149 601 Horatius
1177 567 1385 602 aestivam.
1437 562 1490 600 Et

150 630 241 677 post
257 630 423 665 mortem
440 627 559 664 etiam
576 627 672 665 Julii
700 627 878 664 Caesaris
897 626 1001 664 diem
1016 627 1188 664 natalem
1202 628 1346 664 festum
1362 625 1491 662 actum

151 701 238 727 esse
280 692 449 727 testatur
481 689 558 726 Dio
595 690 701 727 Cass,
737 689 823 726 libr.
858 690 919 726 47.
957 700 1040 737 cap.
1079 689 1165 739 18.‚
1199 689 1267 737 qui
1295 687 1373 725 Cal.
1402 687 1488 724 Jan.

151 763 185 789 a.
213 752 298 791 712.
327 763 351 788 a
380 750 610 788 Triumviris
645 751 841 799 publicam
878 751 962 797 ejus
998 751 1303 788 celebrationem
1335 749 1492 786 institu-

151 815 233 850 tam
268 815 307 849 et
342 812 540 849 decretam
578 823 665 850 esse
701 812 848 848 scribit.
909 813 999 849 Non
1031 813 1173 849 mirum
1204 812 1345 862 igitur,
1390 810 1495 859 quod

151 875 252 912 hanc
278 874 580 922 explicationem
603 872 788 921 permulti
815 873 985 920 amplexi
1007 876 1111 922 suut,
1137 874 1359 921 nuperrime
1377 872 1503 909 etiam-

153 935 322 974 Schmid.
359 938 400 973 et
435 935 583 973 Grotef.
619 945 657 982 p.
699 935 786 971 474.
822 945 856 971 a.
911 935 1059 971 Vereor
1092 936 1224 971 tamen
1259 944 1494 982 magnopere

151 1009 202 1036 ne
227 1000 404 1047 praestet
430 997 563 1034 altera.
616 997 717 1034 Nam
744 996 912 1044 primum
945 1007 1136 1044 nusquam
1170 996 1380 1033 memoriae
1406 1006 1496 1043 pro-

153 1060 277 1097 ditum
301 1059 489 1109 legimus,
520 1058 615 1096 Julii
644 1058 822 1095 Caesaris
857 1058 1041 1095 natalicia
1067 1059 1185 1095 etiam
1212 1061 1301 1106 post
1328 1068 1498 1106 pugnam

153 1123 355 1160 Actiacam
382 1121 579 1159 celebrata
598 1131 696 1157 csse.
751 1120 905 1158 Deinde
927 1121 1010 1167 jam
1027 1120 1199 1157 Masson.
1220 1116 1309 1172 (vit.
1330 1132 1368 1168 p.
1388 1118 1498 1171 209.)

154 1183 379 1221 observavit
403 1183 644 1233 rectissime,
673 1182 807 1219 divum
831 1182 978 1219 Julium
1004 1193 1084 1220 non
1117 1183 1294 1230 potuisse
1331 1182 1499 1230 simplici

154 1257 200 1283 ac
225 1245 331 1282 nudo
364 1245 552 1282 Caesaris
577 1244 734 1281 nomine
770 1244 986 1293 designari,
1023 1244 1093 1280 sed
1128 1244 1311 1280 debuisse
1347 1243 1496 1291 aliquid

156 1307 272 1356 addi,
308 1317 385 1355 quo
421 1306 504 1352 ejus
541 1306 766 1355 apotheosis
803 1306 1105 1356 significaretur,
1144 1305 1377 1354 praesertim
1411 1316 1498 1341 cum

155 1370 196 1406 in
229 1368 384 1406 Horatii
418 1368 653 1407 carminibus
689 1367 855 1416 simplex
894 1368 1083 1406 Caesaris
1115 1378 1258 1404 nomen
1293 1367 1421 1404 ubivis
1450 1367 1498 1404 de

156 1430 342 1480 Auyusto
366 1430 661 1477 intelligendum
688 1431 750 1467 sit.

260 1493 453 1536 Quocirca
480 1503 567 1529 cum
593 1493 779 1529 Massono
807 1494 846 1529 et
872 1492 1101 1529 Weicherto
1128 1491 1176 1529 de
1204 1493 1293 1529 Var.
1322 1493 1363 1529 et
1391 1491 1498 1529 Cass.

158 1567 196 1604 p.
225 1555 312 1592 316.
338 1555 514 1603 Auyuso·
542 1556 650 1592 diem
676 1555 870 1605 natalem)
898 1555 966 1603 qui
990 1557 1036 1592 in
1060 1556 1134 1592 IX.
1159 1556 1241 1593 Cal.
1260 1554 1414 1592 Octobr.
1442 1553 1500 1589 in-

159 1617 276 1667 cidit,
310 1617 353 1653 in
387 1616 555 1664 epistola
591 1616 851 1662 significatum
890 1627 978 1653 esse
1014 1627 1177 1666 censeo,
1222 1615 1377 1653 etiamsi
1411 1614 1502 1651 huic

161 1679 378 1716 sententiae
405 1678 536 1715 obstet
563 1677 870 1729 quodammodo,
905 1678 1010 1726 quod
1045 1689 1166 1715 coena
1199 1683 1315 1716 nocte
1348 1679 1504 1714 aestiva

160 1740 382 1789 parabatur.
424 1740 524 1778 Nam
542 1743 705 1791 „pridie
729 1742 833 1779 Idus
849 1740 1025 1789 Auqustz·
1051 1745 1300 1778 aucmmnus
1326 1740 1503 1788 incipiffi,

161 1804 206 1839 ut
232 1802 288 1838 ait
324 1802 536 1839 Columella
569 1814 602 1840 r.
637 1815 668 1840 r.
707 1803 776 1853 11,
813 1803 850 1839 2.
877 1802 960 1847 57„
997 1804 1037 1838 et
1069 1803 1219 1851 2ᾹἸΙΙ.
1250 1801 1341 1838 VII.
1370 1802 1410 1838 el
1436 1801 1503 1837 VI.

168 1865 252 1902 Cal.
281 1863 436 1902 Octobr.
465 1867 764 1913 aequinoctium
791 1864 1054 1901 auctumnale
1076 1865 1260 1911 pluviam
1277 1861 1505 1911 siynificat⁷⁷

164 1925 302 1963 eodem
327 1927 521 1962 referente
547 1926 572 1962 l.
600 1926 626 1963 1.
654 1923 691 1976 ξ.
719 1925 781 1962 66.

265 1988 368 2026 Scite
386 1989 517 2025 tamen
535 1988 705 2025 Masson.
726 1998 763 2036 p.
783 1987 870 2024 210.
885 1986 1171 2036 animadvertit,
1191 1986 1306 2035 paulo
1324 1986 1504 2023 liberiore

164 2050 350 2098 loquendi
382 2061 456 2087 usu
490 2051 651 2087 noctem·
680 2049 717 2086 d.
755 2049 815 2086 22.
846 2051 885 2086 et
911 2049 972 2086 23.
1009 2048 1226 2097 Septembr.
1261 2047 1505 2094 interjectam

165 2113 323 2150 omnino
351 2114 551 2151 aestivam
576 2111 652 2149 dici
678 2112 876 2161 potuisse,
904 2122 991 2148 cum
1018 2111 1308 2160 aequinoctium
1333 2109 1505 2147 nondum

165 2174 456 2224 praeteriisset3
483 2177 651 2223 apteque
679 2175 828 2211 confert
853 2174 956 2220 Virg.
988 2174 1130 2220 Georg.
1161 2173 1196 2223 l,
1224 2173 1332 2209 311.:

368 2236 475 2280 Quid
500 2238 753 2285 tempestates
781 2235 978 2274 auctumni
1004 2238 1044 2272 et
1071 2235 1202 2272 sidera
1229 2230 1381 2271 dicam?

368 2298 523 2348 Atque,
549 2299 618 2336 ubi
638 2298 722 2345 jam
747 2298 980 2348 breviorque
1007 2297 1091 2334 dies
1119 2299 1159 2334 et
1179 2296 1330 2335 mollior
1357 2299 1506 2346 aestas,

370 2360 480 2404 Quae
507 2360 704 2407 vigilanda
728 2361 837 2399 viris.
1064 2368 1068 2378 ¹

173 2423 226 2460 Et
252 2423 387 2472 quidni
413 2424 531 2471 poeta
556 2422 661 2459 bona
685 2424 919 2470 tempestate
947 2422 1009 2458 vel
1035 2431 1157 2459 mens.
1186 2422 1290 2471 Sept.
1319 2420 1507 2458 aestivam

173 2485 254 2521 fere
272 2487 435 2522 'noctem
461 2485 671 2530 auguratus
698 2481 842 2521 fuerit‘ss

276 2546 427 2590 Quodsi
454 2547 574 2594 igitur
591 2545 757 2595 epistola
784 2545 821 2583 d.
844 2546 974 2587 XXII.
1003 2546 1218 2595 Septembr.
1247 2545 1407 2582 exarata
1433 2545 1506 2593 est,

176 2606 266 2646 vide
291 2617 342 2645 ne
369 2619 506 2647 annus
531 2618 684 2657 quoque
711 2608 852 2646 natalis
878 2608 936 2646 ita
951 2609 1135 2646 inventus
1152 2608 1214 2645 sit.
1258 2606 1360 2644 Nam
1376 2617 1507 2656 quam-
