1643 2959
678 207 964 251 -209-

156 318 239 354 tum
272 317 489 366 exspectari
524 318 564 354 et
597 319 746 366 sperari
780 321 958 367 coeptum
993 329 1079 356 esse
1113 319 1280 370 Romae,
1314 331 1401 359 cum
1435 323 1485 361 de

155 378 376 424 Sygambris
403 379 594 427 superatis
619 381 746 417 nuntii
771 381 983 418 venissent.
1034 381 1134 418 Nam
1165 381 1302 419 horum
1326 383 1483 432 potissi-

154 450 260 477 mum
286 441 586 487 subigendorum
613 452 751 478 caussa
776 444 817 478 et
841 444 884 478 ut
909 442 962 479 M.
990 442 1105 479 Lollii
1123 442 1271 480 cladem
1287 447 1483 493 acceptam

153 505 352 550 repararet
375 503 418 540 in
444 503 610 539 Galliam
643 503 838 551 profectus
874 506 979 553 crat,
1017 506 1056 540 et
1089 504 1266 556 quidem,
1301 505 1335 542 si
1360 506 1484 543 Hora-

154 562 252 599 tium
277 563 454 600 audimus
482 561 568 616 (od.
597 565 640 613 4,
669 565 705 601 5.
733 560 816 617 3.):

351 626 563 664 Maturum
588 628 763 663 reditum
788 625 983 673 pollicitus
1010 625 1167 663 Patrum

683 687 824 724 Sancto
851 687 1024 724 coneilio.

150 747 239 785 Jam
265 758 352 784 cum
377 747 418 783 in
444 758 490 784 eo
518 748 686 784 carmine
689 775 707 797 2
735 748 783 784 de
811 759 886 796 quo
913 748 1083 798 agimus,
1118 750 1304 787 w'ctoriae
1340 751 1387 788 de
1414 753 1483 800 Sy-

151 808 319 854 gambris
345 810 566 855 reportatae
594 809 739 844 mentio
764 809 832 845 fiat
857 820 893 845 v.
921 809 970 843 36
997 820 1075 858 sq.,
1110 811 1221 847 facile
1254 811 1485 858 intelligitur

148 869 191 906 id
226 868 275 905 ab
309 869 471 905 Horatio
506 870 573 904 aut
607 868 694 915 ipso
721 879 755 904 a.
790 869 875 905 738.
909 871 976 904 aut
1001 869 1087 905 739.
1115 871 1218 907 inter
1243 883 1484 910 communem

148 929 296 966 reditus
336 929 668 977 exspectationem
709 929 877 974 Augusti
917 929 1033 966 scribi
1077 931 1274 981 potuisse,
1318 933 1484 971 fortasse

147 991 237 1028 Julz·
261 990 428 1029 Antonii
453 1001 591 1039 suasu,
626 990 680 1026 M.
709 989 918 1026 Triumviri
948 1001 998 1026 ex
1024 990 1162 1027 Fulvia
1187 992 1265 1029 filio
1292 989 1370 1042 (de
1405 1005 1483 1043 quo

148 1063 185 1089 v.
215 1051 327 1088 docte
355 1051 610 1088 disserentem
635 1050 846 1087 VVeichert.
876 1050 923 1087 de
940 1052 1029 1089 Var.
1059 1054 1098 1088 et
1118 1053 1222 1090 Cass.
1240 1067 1277 1102 p.
1297 1054 1369 1091 334
1389 1055 1482 1109 sq.).

147 1114 200 1151 Et
223 1125 360 1150 revera
387 1124 433 1150 eo
460 1114 634 1160 tempore
660 1112 701 1148 id
728 1112 915 1159 scriptum
942 1124 1049 1162 esse,
1085 1123 1157 1150 nec
1190 1115 1405 1162 posteriore
1431 1138 1483 1145 —-

148 1174 323 1223 plerique
352 1175 475 1223 enim,
503 1175 547 1209 ut
572 1173 682 1222 Jani,
709 1173 925 1222 Vanderb.,
953 1174 1108 1211 Kirchn.
1138 1185 1174 1223 q.
1202 1186 1239 1223 p.
1265 1177 1326 1213 33.
1354 1175 1391 1227 ξ.
1420 1178 1482 1216 61.

148 1238 189 1271 et
213 1235 363 1272 Weich.
400 1235 448 1272 de
474 1237 564 1272 Var.
593 1237 632 1271 et
669 1235 776 1271 Cass.
804 1245 841 1282 p.
870 1235 955 1271 362.
984 1236 1156 1272 referunt
1182 1237 1232 1273 ad
1259 1248 1292 1274 a.
1319 1238 1406 1275 741.
1431 1260 1483 1268 «-

149 1297 203 1334 sic
231 1297 366 1343 collige
394 1308 556 1333 mecum.
607 1295 777 1332 Primum
804 1296 837 1332 si
862 1296 1046 1332 Horatius
1073 1296 1182 1334 brevi
1209 1301 1298 1335 ante
1316 1299 1482 1346 Augusti

148 1359 338 1407 reditum,
368 1358 433 1406 qui
460 1358 598 1395 incidit
623 1358 664 1394 in
691 1357 787 1393 duos
814 1357 963 1406 priores
989 1368 1144 1395 menses
1171 1360 1262 1395 anni
1281 1360 1363 1397 741.
1383 1357 1483 1413 (Dio

151 1421 214 1469 54,
243 1420 303 1457 25.
330 1420 500 1456 Masson.
529 1419 620 1456 Jani
654 1419 785 1466 templ.
821 1430 939 1455 reser.
973 1430 1009 1467 p.
1040 1416 1174 1472 184),
1203 1432 1358 1457 carmen
1383 1423 1482 1459 ceci·

147 1481 291 1531 nisset,
327 1482 500 1529 profecto
536 1480 746 1529 permirum
779 1480 905 1529 esset',
942 1480 1045 1527 quod
1072 1480 1370 1527 Sygambrorum
1396 1486 1480 1521 tan-

148 1546 230 1579 tum
270 1544 515 1580 subactorum
548 1542 790 1578 meminisset
827 1551 900 1578 nec
935 1541 1010 1578 alia
1044 1542 1238 1588 tetigisset
1276 1545 1480 1595 permulta,

147 1615 246 1652 quae
280 1605 479 1650 Augustus
515 1614 601 1639 cum
634 1602 675 1638 in
711 1602 920 1639 Germania
955 1605 994 1638 ct
1029 1603 1154 1640 Gallia
1190 1606 1272 1641 tum
1301 1606 1479 1653 inprimis

146 1665 188 1702 in
213 1665 405 1713 Hispania
438 1666 570 1710 egerat
603 1659 710 1714 (Dio
738 1664 808 1713 54,
843 1664 891 1700 23
908 1683 958 1692 —-·
976 1660 1072 1716 25.).
1123 1665 1276 1702 Deinde
1305 1666 1388 1712 jam
1415 1667 1481 1704 alii

146 1727 362 1763 rectissime
381 1726 638 1762 observarunt
664 1725 778 1762 odam
796 1725 898 1761 haud
917 1725 1033 1762 dubie
1051 1725 1158 1773 prius
1178 1730 1375 1763 exaratam
1393 1739 1481 1764 esse

147 1799 263 1836 quam
289 1788 324 1824 4.
351 1789 390 1823 et
418 1787 477 1824 14.
526 1787 626 1824 Nam
641 1798 727 1824 cum
744 1787 787 1823 in
814 1787 874 1823 his
900 1787 1021 1824 Drusi
1041 1790 1080 1822 et
1097 1787 1244 1823 Tiberii
1263 1799 1326 1824 res
1345 1791 1478 1834 gestae

145 1850 201 1886 ita
236 1848 499 1898 celebrentur,
535 1859 668 1884 earum
701 1850 745 1884 ut
779 1848 900 1893 gloria
944 1847 991 1884 ab
1026 1848 1204 1893 Augusto
1238 1851 1422 1896 tanquam
1456 1860 1479 1886 a

145 1910 329 1958 primario
355 1911 462 1946 sonte
490 1909 655 1946 deducta
683 1909 754 1958 sit,
782 1908 848 1944 vix
875 1908 1043 1944 dubitari
1077 1911 1207 1957 potest
1237 1910 1332 1957 quin
1357 1911 1480 1947 Hora·

146 1973 224 2008 tius
251 1972 368 2008 etiam
394 1971 435 2007 in
461 1982 576 2008 carm.
602 1970 637 2006 2.
667 1969 833 2016 gloriosa
859 1970 1059 2017 utriusque
1086 1970 1256 2018 privigni
1281 1973 1382 2008 facta
1398 1973 1480 2009 Au-

147 2034 249 2081 gusti
276 2032 498 2070 celebrandi
525 2043 662 2068 caussa
688 2033 1052 2068 commemoraturus
1079 2031 1238 2081 fuisset,
1265 2032 1299 2068 si
1324 2032 1365 2069 id
1390 2035 1481 2080 post

146 2106 178 2132 a.
213 2095 298 2131 739.
336 2094 566 2142 scripsisset.
626 2093 816 2130 Accurate
856 2093 1006 2141 omnia,
1051 2103 1149 2140 quae
1189 2093 1478 2141 praedicatione

146 2156 263 2203 digna
296 2158 427 2204 crant,
463 2154 658 2191 enarravit
690 2154 800 2191 brevi
839 2156 928 2189 ante
967 2153 1135 2190 reditum
1172 2154 1339 2200 Augusti
1376 2164 1477 2190 anno

145 2217 232 2255 740.
258 2218 425 2253 exeunte
443 2216 494 2253 *in
521 2226 634 2252 carm.
663 2216 700 2252 5.
724 2226 780 2251 vs.
810 2215 858 2250 25
885 2225 962 2262 sq.:

344 2277 441 2320 Quis
467 2277 651 2314 Parthum
678 2273 845 2324 paveat&
872 2276 958 2324 quis
985 2276 1153 2322 gelidum
1180 2273 1379 2323 Scythen?

346 2338 466 2387 Quis,
496 2338 722 2376 Germania
746 2348 848 2385 quos
871 2339 1040 2374 horrida
1063 2339 1241 2385 parturit

344 2400 487 2449 Fetus,
514 2398 696 2435 incolumi
724 2395 917 2435 Caesare?
946 2398 1032 2445 quis
1057 2400 1162 2435 ferae

609 2459 760 2496 Bellum
786 2461 894 2495 curet
918 2457 1098 2496 Iberiae‘ss

147 2523 200 2560 At
225 2521 268 2558 in
293 2533 406 2560 carm.
435 2522 470 2559 2.
497 2521 600 2558 solos
627 2519 859 2567 Sygambros
886 2522 1210 2558 commemoravit.
1259 2521 1360 2557 Hinc
1385 2522 1476 2557 ante

147 2595 180 2620 a.
207 2582 302 2620 740..
318 2583 359 2620 id
385 2584 571 2632 scriptum
597 2593 684 2619 esse
710 2581 815 2618 omni
840 2581 955 2618 modo
982 2581 1178 2630 probatur.
1230 2581 1319 2618 Noli
1346 2583 1475 2618 autem

1161 2642 1207 2677 14
