1643 2959
747 231 1029 272 —132—

225 352 310 377 cum
345 341 455 388 epod.
496 340 562 386 12,
602 338 658 374 14.
712 339 860 375 Neuter
894 340 1024 373 tamen
1058 339 1225 374 aetatem
1257 339 1388 386 prodit
1426 337 1545 376 certis

225 402 388 438 indiciis.
443 399 519 435 Sed
545 409 643 446 quae
671 398 718 434 ab
745 399 857 434 initio
884 398 995 446 epod.
1027 397 1084 433 11.
1112 397 1309 443 leguntur:

421 460 542 508 Petu,
570 460 671 496 m‘lzil
694 470 757 496 me
759 487 776 508 ,
801 460 907 496 sicut
932 463 1054 495 antea
1058 486 1074 507 2
1094 457 1208 503 juvat

487 520 662 556 Scribere
690 520 900 556 versiculos
927 520 1070 556 Amore
1097 527 1325 566 percussum
1351 519 1478 565 gravi:

422 581 585 629 Amore,
613 581 678 628 qui
704 592 764 616 me
792 582 947 628 praeter
973 589 1105 616 omnes
1134 579 1284 626 expetit

486 643 676 678 Mollibus
700 644 743 678 in
767 643 909 688 pueris
938 645 1010 678 auc
1033 642 1077 677 in
1099 642 1245 687 puellis
1270 651 1394 677 urere.

420 703 492 739 Hic
518 702 654 737 tertius
681 702 919 750 December,
948 713 997 737 ex
1023 711 1099 749 quo
1127 700 1259 737 destiti

486 763 644 799 Inachia
669 763 816 811 furere,
847 762 953 798 silvis
980 763 1166 798 honorem
1194 761 1374 811 decutit.‚

224 835 270 860 ea
305 823 534 860 documento
568 823 662 858 mihi
698 826 809 871 sunt,
847 833 1002 859 carmen
1035 822 1077 857 in
1110 822 1150 857 id
1177 824 1329 870 tempus
1356 821 1545 871 incidere,

223 893 298 931 quo
334 886 403 919 sat.
439 884 485 932 2,
520 884 554 919 3.
593 885 752 919 exarata
787 885 867 932 est,
902 883 927 919 i.
958 895 990 919 e.
1019 883 1060 919 in
1093 882 1297 919 Decembr.
1333 882 1425 918 anni
1459 882 1543 918 721.

222 946 321 983 Nam
348 945 388 980 in
416 944 534 980 satira
561 954 712 990 quoque
742 945 858 990 poeta
883 944 1165 990 Damasippum
1200 943 1275 979 sibi
1310 943 1547 991 exprobran-

222 1007 300 1040 tem
326 1004 417 1040 fecit
444 1003 651 1051 desidiam,
681 1002 874 1038 scribendi
900 1003 1096 1049 pigritiam
1123 999 1179 1054 (v.
1210 1003 1243 1038 l.
1266 999 1348 1054 14.)
1376 1006 1415 1039 et
1440 1005 1549 1041 mille

219 1067 471 1112 puellarum,
503 1074 725 1110 puerorum
752 1065 859 1100 mille
881 1061 1045 1108 furores
1071 1059 1128 1113 (v.
1157 1063 1281 1115 325.)
1337 1064 1449 1100 Certe
1475 1074 1547 1111 per

222 1137 309 1162 ann.
346 1125 429 1160 720.
466 1126 542 1160 aut.
579 1124 662 1159 721.
700 1124 847 1171 epodus
884 1124 1049 1171 scriptus
1086 1135 1171 1160 esse
1200 1124 1337 1173 debet,
1372 1126 1416 1160 ut
1439 1126 1545 1160 recte

222 1187 319 1222 vidit
354 1187 498 1222 Grotet.
535 1196 572 1232 p.
611 1185 694 1220 463.
731 1195 788 1230 a.,
825 1185 890 1232 qui
926 1196 1014 1221 eum
1049 1184 1099 1220 ad
1134 1195 1166 1220 a.
1204 1184 1288 1220 720.
1324 1185 1467 1220 retulit.
1495 1204 1545 1212 -

224 1247 378 1283 Kirchn.
408 1249 555 1293 quaest.
585 1258 621 1294 p.
649 1247 709 1282 25.
738 1244 774 1295 ξ.
804 1246 863 1281 46.
893 1245 977 1281 717.
1004 1265 1056 1272 -·
1100 1245 1301 1280 Caeterum
1329 1256 1481 1281 versum
1506 1245 1543 1281 6.

223 1307 406 1353 Virgilius
432 1306 586 1342 videtur
612 1296 783 1343 imitatus
812 1317 897 1342 esse
924 1306 966 1341 in
994 1306 1133 1351 Georg.
1162 1306 1199 1353 2,
1227 1305 1334 1341 401.:

418 1366 600 1412 Frigidus
628 1369 666 1403 et
690 1369 802 1404 silvis
830 1367 959 1414 aquilo
988 1368 1161 1404 decussit
1184 1366 1386 1403 honorem.

319 1487 547 1524 RPODUS
573 1488 679 1532 ΧΠ.
738 1489 872 1538 „Quid
903 1489 972 1526 tibi
1005 1490 1113 1538 vis-²²,
1149 1488 1214 1536 qui
1249 1487 1396 1537 pariter
1428 1489 1543 1536 atque

221 1552 379 1586 octavus
419 1549 459 1585 in
498 1550 660 1586 Scholiis
700 1550 894 1586 nonnullis
935 1549 984 1584 ad
1021 1548 1221 1585 Canidiam
1257 1548 1422 1595 scriptus
1457 1560 1542 1584 esse
1614 1560 1621 1567 ¹

222 1609 469 1658 perhibetur,
510 1610 808 1656 praecedentem
848 1609 1057 1644 antecessit
1094 1608 1263 1644 biennio.
1329 1609 1429 1645 Hinc
1473 1620 1544 1656 per

221 1681 341 1706 annos
368 1669 452 1705 718.
473 1671 512 1704 et
530 1670 612 1705 719.
643 1670 878 1717 compositus
897 1680 982 1705 esse
1001 1669 1164 1705 videtur.
1217 1669 1372 1706 Kirchn.
1393 1671 1541 1716 quaest.

221 1741 257 1778 p.
286 1730 344 1766 25.
374 1727 409 1779 ξ.
440 1729 521 1765 46.:
549 1730 632 1765 714.
663 1732 807 1767 Grotef.
836 1741 873 1777 p.
903 1729 987 1765 461.
1017 1740 1072 1766 a.:
1100 1730 1183 1765 717.

319 1849 545 1886 EPODUS
578 1850 708 1888 xllx.
765 1852 975 1900 „Horrida
1020 1852 1262 1898 tempestas„
1311 1853 1476 1888 refertur
1517 1863 1541 1888 a

220 1912 401 1948 Massono
429 1907 516 1963 (vit.
545 1922 581 1959 p.
613 1908 719 1963 130.)
755 1914 794 1948 et
827 1912 982 1948 Passov.
1020 1908 1108 1964 (vit.
1136 1913 1214 1948 not.
1246 1912 1328 1948 100.
1359 1909 1465 1964 183.)
1491 1912 1542 1948 ad

221 1982 306 2008 ann.
336 1972 443 2017 721.,·
478 1983 502 2007 a
526 1972 681 2009 Kirchn.
710 1968 880 2024 (quaest.
909 1983 946 2019 p.
975 1971 1035 2008 23.
1063 1969 1099 2021 ξ.
1129 1971 1212 2026 42.)
1240 1973 1289 2009 ad
1315 1983 1402 2008 ann.
1431 1972 1540 2021 722.;

221 2043 243 2069 a
270 2033 414 2068 Grotef.
450 2043 486 2078 p.
524 2032 607 2068 468.
637 2044 670 2068 a.
700 2033 749 2068 ad
776 2043 862 2068 ann.
892 2032 976 2068 720.
1006 2034 1044 2067 et
1070 2033 1153 2068 721.
1183 2034 1222 2068 et
1246 2044 1283 2080 p.
1312 2033 1396 2069 463.
1424 2032 1460 2069 b.
1489 2032 1540 2070 ad
1606 2047 1612 2066 .-

222 2092 324 2128 diem
356 2092 523 2128 natalem
556 2093 707 2128 Horatii
740 2103 827 2129 ann.
865 2093 949 2128 720.
978 2089 1069 2145 (ob.
1098 2105 1133 2129 v.
1161 2090 1239 2145 6.).
1291 2093 1389 2129 Mihi
1414 2093 1469 2129 nil
1493 2093 1540 2129 li-

221 2155 322 2199 quet.
375 2152 451 2189 Vix
485 2152 580 2188 certi
615 2153 707 2199 quid
742 2153 990 2190 extricaveris
1018 2165 1039 2189 e
1073 2164 1170 2188 vers.
1200 2153 1235 2189 7.
1264 2155 1303 2188 et
1328 2153 1385 2190 8.:
1413 2154 1538 2203 „Cae-
1599 2152 1605 2157 ‘

221 2214 304 2247 tera
329 2213 437 2249 mitte
463 2213 592 2260 loqui'⁷
620 2215 714 2249 caet.

318 2332 560 2369 m’omnu
584 2334 708 2370 :nv-
760 2337 921 2383 „Mollz‘s
946 2336 1121 2372 inertz'oe’
1146 2335 1364 2371 Maecenati
1399 2335 1533 2372 inscri-

220 2395 328 2442 ptum
353 2393 455 2429 haud
482 2394 596 2430 dubie
615 2395 750 2431 eadem
767 2397 998 2443 tempestate
1024 2395 1117 2431 lusit
1134 2395 1263 2443 poeta,
1291 2405 1366 2442 qua
1380 2396 1534 2444 scripsit

221 2453 331 2501 epod.
361 2453 418 2489 ll.
465 2454 597 2502 „Pelii
620 2457 722 2492 nihil
744 2457 833 2492 me»
860 2457 900 2491 et
926 2455 1030 2491 satir.
1059 2455 1103 2504 2,
1131 2455 1166 2490 3.
1187 2455 1283 2503 „Sic
1306 2465 1403 2492 raro
1426 2458 1531 2493 scri-

222 2515 319 2550 bis.”
367 2514 467 2550 Nam
492 2513 533 2549 in
559 2513 631 2549 hoc
658 2525 809 2561 quoque
837 2526 878 2550 se
905 2526 1034 2551 amore
1061 2515 1168 2560 gravi
1194 2525 1419 2562 percussum
1445 2526 1530 2552 esse

222 2575 261 2609 et
298 2573 494 2622 improbae
534 2573 658 2609 Sireni
701 2574 872 2611 desidiae
912 2574 1111 2621 indulgere
1152 2574 1380 2621 significavit
1421 2587 1456 2612 v.
1494 2576 1527 2612 1.
