1643 2959
661 217 936 257 —140—

145 321 291 361 multa‘3
325 323 608 372 apertissimum
634 327 694 360 est
720 325 890 370 eclogam
915 334 994 360 non
1019 323 1074 360 ita
1100 324 1219 360 multo
1251 327 1340 372 post
1365 324 1465 361 bella

145 384 273 422 civilia
299 384 550 431 compositam
576 395 683 433 csse,
719 385 900 432 quoniam
925 384 1108 421 Horatius
1143 395 1190 421 ea
1214 386 1361 422 recenti
1386 397 1465 422 me-

144 447 266 483 moria
292 445 464 492 deplorat
490 441 558 497 (cf.
585 456 622 482 v.
649 445 824 482 21—30.
853 441 1064 498 37—40.).

243 506 318 543 Sed
343 516 510 553 propero
543 505 593 542 ad
619 507 856 543 accuratiora
889 507 1073 555 temporis
1107 507 1270 557 indicia,
1306 518 1467 555 quorum

143 568 184 604 in
211 567 497 603 enumeratione
532 567 580 603 ab
609 579 655 604 eo
682 568 835 604 initium
869 569 1027 618 faciam,
1062 568 1167 615 quod
1200 568 1468 614 gravissimum

142 627 287 664 habent
310 628 556 677 interpretes,
585 629 765 676 equidem
790 630 1002 677 pessimum
1020 629 1165 675 judico.
1201 629 1349 666 Petitur
1373 629 1467 666 illud

143 699 167 725 a
193 689 451 737 descriptione
479 690 736 739 tempestatis,
766 701 863 739 quae
889 691 994 740 nive,
1023 690 1209 736 grandine
1236 692 1276 727 et
1300 690 1466 727 fulmini-

142 752 214 788 bus
247 752 404 800 praeter
436 761 582 787 morem
624 751 830 798 aliquando
866 752 1042 788 saeviens
1082 754 1285 800 inqentem
1318 752 1471 789 Tiberis

140 813 446 850 inundationem
473 812 654 848 effecerit.
683 812 788 848 Talis
814 813 886 848 suit
913 824 1000 849 ann.
1029 813 1114 849 710.
1143 809 1253 865 (test.
1281 808 1466 864 Scholl.);

141 883 243 909 anno
269 873 354 909 727.
383 869 481 925 (Dio
507 873 569 923 53,
597 869 703 926 20.);
730 874 815 910 731.
843 872 940 924 (Dio
967 874 1028 923 53,
1043 873 1149 926 33.)3
1177 874 1262 910 732.
1291 870 1388 926 (Dio
1405 873 1467 922 54,

143 930 223 987 1.);
250 936 413 970 fortasse
441 933 558 970 etiam
585 934 738 981 saepius
765 935 830 970 illo
858 935 1042 981 temporis
1070 937 1195 971 tractu
1211 931 1262 987 ²).
1318 934 1392 971 Sed
1419 933 1466 970 de

141 994 202 1031 his
229 996 380 1031 tantum
406 994 590 1030 historici.
643 995 744 1030 Hinc
770 996 848 1031 VV.
877 996 963 1031 DD.
999 1006 1070 1042 pro
1106 1006 1174 1031 5110
1209 995 1372 1042 quisque
1407 1005 1468 1030 ar-

141 1055 257 1092 bitrio
284 1056 383 1092 hanc
416 1055 569 1091 illamve
603 1055 755 1091 Tiberis
794 1055 1086 1091 inundationem
1125 1056 1173 1092 ab
1211 1055 1375 1092 Horatio
1407 1065 1468 1091 re-

142 1118 314 1164 spectam
340 1127 426 1152 esse
452 1116 528 1152 rati
554 1116 716 1152 odarion
741 1119 808 1152 aut
834 1128 934 1153 anno
961 1129 998 1153 u.
1027 1128 1058 1153 c.
1088 1117 1171 1153 711.
1204 1118 1270 1153 aut
1289 1116 1372 1152 727.
1402 1118 1468 1152 aut

141 1178 226 1214 732.
268 1178 525 1224 assignarunt.
591 1178 652 1214 Ex
685 1178 826 1225 quibus
861 1179 889 1214 ii
924 1178 1285 1214 commemoratione
1319 1177 1468 1223 indigni

142 1241 244 1288 sunt,
273 1239 339 1286 qui
367 1239 414 1275 de
442 1250 543 1275 anno
571 1240 772 1275 emortuali
797 1239 890 1276 Julii
918 1239 1094 1276 Caesaris
1128 1239 1191 1274 vel
1217 1239 1265 1275 de
1290 1239 1467 1286 proximo

142 1300 379 1348 cogitarunt,
408 1311 482 1348 quo
509 1301 692 1336 Horatius
719 1312 798 1337 non
823 1301 968 1337 Romae
997 1300 1065 1336 sed
1090 1301 1132 1336 in
1157 1300 1253 1336 Asia
1287 1299 1467 1336 versaba-

141 1364 217 1411 tur,
243 1372 322 1397 non
349 1361 561 1398 Octaviano
589 1361 657 1397 sed
684 1362 928 1397 adversariae
955 1361 1112 1398 factioni
1129 1361 1467 1408 favebat—prae-

142 1423 276 1459 sertim
303 1434 389 1458 cum
414 1423 536 1458 fusius
564 1434 630 1458 eos
657 1423 882 1458 refutaverit
909 1423 1078 1459 Masson.
1106 1423 1173 1458 vit.
1193 1423 1285 1459 Hor.
1304 1434 1341 1470 p.
1362 1422 1468 1458 41—

142 1485 202 1521 44.
255 1485 383 1527 Quare
411 1484 518 1532 optio
546 1483 659 1520 datur
692 1484 794 1520 inter
828 1494 914 1520 ann.
957 1484 1041 1520 727.
1081 1486 1121 1520 et
1159 1484 1266 1533 732,
1307 1494 1468 1532 quorum

143 1557 254 1583 suum
281 1546 443 1593 quisque
478 1546 627 1581 invenit
662 1545 914 1581 defensorem.
967 1545 1029 1580 Ad
1057 1556 1152 1580 ann.
1183 1545 1285 1581 727.
1314 1555 1468 1581 carmen

142 1607 357 1643 retulerunt
384 1606 608 1642 Sanadonus
637 1608 675 1642 et
702 1606 804 1641 inter
831 1606 925 1641 alios
943 1605 1065 1641 Nicol.
1086 1605 1210 1642 Mohr.
1240 1602 1464 1657 (comment.

143 1668 191 1705 de
225 1667 418 1704 nonnullis
452 1667 547 1704 locis
586 1667 820 1703 Horatianis
872 1668 1033 1714 Dorpat.
1064 1663 1215 1720 1832),
1255 1667 1464 1704 VVeichert.

143 1729 190 1765 de
217 1729 306 1766 Var.
334 1730 374 1764 et
402 1729 508 1764 Cass.
536 1740 573 1775 p.
603 1728 709 1776 154.,
746 1728 890 1765 Grotef.
927 1739 964 1775 p.
994 1728 1077 1764 467.
1115 1730 1154 1764 et
1189 1729 1272 1764 470.
1291 1728 1328 1765 1).
1359 1729 1465 1776 plau-

142 1790 257 1827 dente
285 1789 455 1826 Obbario
490 1790 530 1825 in
557 1789 667 1826 Seeb.
695 1788 807 1825 Jahn.
846 1790 884 1824 et
918 1790 1039 1826 Klotz.
1077 1789 1201 1826 annal.
1237 1789 1310 1826 vol.
1341 1789 1398 1826 16.
1427 1800 1462 1837 p.

231 1965 269 2005 2)
293 1965 430 1995 Constat
462 1964 543 1995 enim
568 1963 696 1995 Tiberis
727 1964 846 1996 1111111111
871 1965 1064 1996 creberrima
1088 1964 1196 1995 fuisse.
1243 1964 1292 1994 Ita
1315 1963 1465 2004 ingentes

143 2018 258 2052 aquae
281 2009 408 2039 fuerunt
443 2018 515 2040 ann.
541 2010 615 2040 539.
651 2019 680 2039 a.
706 2010 765 2040 Ch.
791 2011 865 2041 215.
890 2010 979 2049 (Liv.
1004 2009 1057 2046 24,
1084 2010 1149 2046 9.);
1184 2017 1256 2039 ann.
1282 2017 1312 2038 u.
1338 2018 1364 2037 c.
1389 2006 1462 2036 552.

141 2064 172 2085 a.
197 2054 270 2085 Chr.
295 2055 371 2086 202.
395 2053 483 2087 (Liv.
509 2053 560 2090 30,
586 2054 675 2093 38.);
710 2063 783 2084 ann.
819 2064 849 2084 u.
875 2066 900 2085 c.
927 2054 1000 2086 561.
1036 2064 1065 2084 11.
1099 2054 1173 2084 Chr.
1198 2053 1272 2084 193.
1296 2051 1385 2085 (Liv.
1411 2052 1463 2088 35,

144 2099 213 2139 9.);
243 2108 315 2129 ann.
338 2108 369 2128 u.
395 2109 421 2129 c.
445 2099 521 2129 562.
546 2107 575 2127 a.
600 2099 674 2128 Chr.
699 2099 774 2130 192.
800 2099 889 2133 (Liv.
915 2100 966 2133 35,
992 2098 1083 2135 21.);
1115 2107 1187 2128 ann.
1228 2106 1258 2126 11.
1283 2106 1309 2126 c.
1334 2096 1408 2126 565.
1433 2105 1463 2125 a.

143 2143 218 2174 Chr.
241 2143 317 2175 189.
342 2143 432 2180 (Liv.
458 2142 510 2180 38,
535 2143 623 2181 2803
655 2152 727 2173 ann.
754 2143 827 2174 700.
851 2153 880 2174 11.
905 2144 979 2174 Chr.
1004 2144 1056 2174 54.
1080 2142 1156 2175 ‹Dio
1181 2142 1271 2171 cass.
1296 2140 1349 2175 39,
1373 2140 1463 2179 1ἰ1.);

142 2197 216 2218 ann.
239 2197 271 2218 u.
303 2199 329 2218 e.
354 2187 430 2219 741.
454 2197 484 2218 a.
518 2187 593 2217 Chr.
616 2187 669 2218 13.
700 2188 776 2221 (Dio
808 2189 899 2218 Cass.
924 2187 976 2224 54,
1001 2188 1089 2226 25.);
1121 2195 1194 2216 ann.
1226 2195 1257 2215 11.
1282 2195 1309 2214 c.
1334 2184 1408 2218 751.
1432 2193 1463 2215 11.

143 2231 218 2263 Chr.
242 2233 273 2263 3.
305 2232 381 2270 (Dio
405 2233 458 2267 55,
483 2233 573 2271 22.);
604 2241 678 2262 ann.
709 2241 738 2262 u.
773 2242 799 2262 c.
831 2233 907 2263 765.
938 2242 968 2271 p.
994 2231 1067 2261 Chr.
1099 2230 1153 2262 12.
1184 2229 1260 2263 (Dio
1292 2229 1384 2259 Cass.
1409 2228 1462 2265 56,

143 2277 234 2316 27.);
265 2286 338 2306 ann.
367 2287 398 2307 u.
423 2288 449 2308 c.
473 2277 548 2308 768.
573 2286 602 2316 p.
627 2276 703 2308 Chr.
730 2276 784 2307 15.
816 2276 891 2309 (Dio
917 2277 976 2311 57,
1001 2276 1054 2307 14.
1080 2275 1158 2305 Tac.
1183 2274 1293 2305 Annal.
1317 2273 1348 2310 1,
1371 2273 1462 2309 76.);

142 2330 216 2352 ann.
239 2330 270 2351 11.
294 2330 322 2351 e.
346 2322 420 2352 789.
455 2332 485 2361 p.
519 2321 596 2352 Chr.
628 2322 683 2352 36.
716 2321 792 2357 (Dio
818 2321 910 2351 Cass.
934 2322 994 2355 58,
1027 2320 1108 2359 26.).
1147 2320 1186 2350 cs.
1209 2318 1268 2349 Dio
1292 2318 1384 2348 Cass.
1409 2317 1461 2354 78,

143 2367 198 2398 25.
242 2365 326 2396 Hinc
349 2366 476 2405 saepius
500 2366 595 2396 etiam
619 2365 658 2396 de
682 2365 821 2396 remedio
846 2366 1011 2396 coercendi
1045 2365 1180 2395 {luminis
1205 2364 1375 2403 cogitatum
1401 2365 1460 2392 est.

143 2411 217 2451 Ipse
229 2410 391 2450 Augustus
415 2410 488 2440 huic
510 2411 557 2440 rei
582 2419 710 2450 operam
735 2420 823 2440 suam
847 2410 989 2445 navavit,
1014 2412 1164 2440 narrante
1188 2409 1278 2438 Suet.
1303 2416 1372 2447 cap.
1392 2407 1460 2437 3o.:

144 2455 214 2493 „Ad
237 2454 430 2486 coercendas
459 2455 681 2485 inundationes
712 2456 836 2486 alveum
868 2455 995 2486 Tiberis
1027 2454 1148 2485 laxavit
1177 2462 1216 2483 ac
1246 2452 1463 2491 repurgavit?

145 2502 227 2530 caet.
250 2516 295 2522 —
319 2501 352 2530 et
375 2498 505 2529 Tiberio
529 2499 704 2538 imperante
727 2509 802 2529 ann.
826 2499 901 2530 768.
926 2502 1053 2535 „actum
1077 2499 1108 2529 in
1131 2498 1252 2527 Senatu
1276 2497 1315 2527 ab
1340 2496 1460 2526 Arrun-

144 2544 190 2574 tio
215 2547 247 2574 et
268 2543 382 2584 Atejo,
407 2552 447 2574 an
471 2544 510 2574 ob
535 2542 746 2573 moderandas
770 2542 898 2573 Tiberis
922 2543 1152 2573 exundationes
1175 2544 1376 2572 verterentur
1399 2539 1460 2571 1111-

146 2588 230 2619 mina
254 2591 285 2619 et
307 2588 404 2625 lacus,
428 2597 486 2629 per
508 2596 586 2628 quos
609 2587 784 2627 augescit,''
807 2587 967 2618 referente
990 2586 1069 2618 Tac.
1094 2586 1172 2617 Ann.
1198 2585 1228 2622 1,
1253 2585 1305 2617 79.
1329 2602 1372 2607 —
