1643 2959
639 173 911 217 —169—

122 291 211 318 nam
237 293 347 330 apem
370 283 546 331 inprimis
573 283 620 321 de
645 285 848 322 Persarum
872 294 1005 331 regum
1025 284 1140 335 pileo,
1167 285 1278 335 tiara,
1305 285 1433 323 diade-

122 345 223 380 mate
251 343 391 381 dicitur
424 340 535 397 (Jani
561 344 610 381 ad
636 346 696 383 od.
723 346 760 396 3,
787 347 846 383 29.
875 342 980 398 53.);
1015 356 1085 383 nec
1110 347 1311 383 Horatium
1334 347 1435 383 veri-

122 404 245 441 simile
280 407 339 441 est
376 405 534 442 fortuito
568 408 607 443 et
632 407 730 443 hane
766 418 899 445 vocem
932 417 1138 454 usurpasse
1172 409 1212 443 et
1246 408 1293 444 de
1326 408 1435 456 apice

120 465 248 513 posito
283 468 322 502 et
350 467 499 505 sublato
532 467 700 504 locutum
735 479 831 504 esse.
883 467 987 505 Audi
1019 468 1292 505 Buttmannum
1325 469 1435 505 docte

120 526 391 575 eleganterque
418 528 517 565 hanc
543 528 800 575 conjecturam
833 529 888 566 ita
922 529 1251 566 commendantem
1283 529 1325 565 in
1349 529 1436 575 My-

119 587 212 624 thol.
253 590 344 625 tom.
379 589 408 626 Ι.
448 601 485 638 p.
525 590 596 626 321
634 601 714 638 sq.:
766 590 866 640 „Mit
899 590 1006 626 einer
1039 589 1435 639 Zestungsnachricht,

117 658 233 684 wenn
257 649 320 685 ich
347 661 390 686 so
418 661 536 697 sagen
569 651 673 700 darf‚
712 663 779 688 zur
817 651 1068 697 Bestatigung
1109 652 1215 688 eines
1259 651 1436 688 Gemein-

117 710 278 759 platzes‚
307 710 476 747 schlosse
504 711 586 747 sich
613 712 699 747 eine
727 712 919 749 erhabene
939 712 1022 749 Ode
1047 722 1124 748 von
1148 723 1221 749 nur
1248 713 1438 749 sechzehn

118 770 252 807 Zeilen
277 771 377 807 nach
402 771 549 807 meiner
580 771 836 819 Empfindung
871 772 1052 809 schlecht.
1104 773 1210 810 Aber
1236 774 1278 810 in
1303 783 1437 819 ausge-

118 830 279 866 suchten
303 831 465 867 Worten
490 831 693 876 allgemein
719 832 907 879 gelassen‚
936 833 1148 879 entspricht
1165 834 1234 869 der
1251 833 1438 869 Gedanke

118 891 187 928 der
211 891 357 928 Wiirde
385 891 452 927 des
480 902 646 941 ganzen,
680 891 866 928 wahrend
899 892 985 928 eine
1021 895 1149 929 ernste
1182 893 1436 942 Anspielung‚

118 963 162 988 so
186 952 304 988 leicht
330 952 584 1002 angebracht,
612 952 732 989 durch
758 953 820 989 die
846 953 962 989 Wahl
986 953 1092 989 eines
1127 953 1303 1000 einzigen
1327 955 1438 991 lVor-

118 1015 192 1062 tes,
219 1024 267 1049 zu
294 1013 402 1049 einer
426 1013 533 1063 Zeit,
567 1025 629 1050 wo
649 1014 761 1060 jenes
788 1013 986 1059 Ereigm'ss
1019 1014 1340 1053 wahrscheinlich
1375 1015 1437 1052 die

117 1074 343 1120 allgemeine
369 1074 723 1111 Aufinerksamkeit
756 1075 1031 1125 beschaftigte‚
1065 1075 1173 1111 nicht
1207 1076 1346 1112 anders
1380 1077 1437 1112 als

118 1135 233 1170 einen
275 1135 413 1171 hochst
454 1136 764 1182 wohlgefalligen
804 1135 1003 1172 Eindruck
1044 1136 1206 1173 machen
1253 1136 1438 1174 konnte.”

117 1195 215 1232 Sane
241 1196 303 1232 vel
329 1207 378 1232 ex
404 1197 538 1233 erebra
576 1197 791 1246 mentione,
833 1207 946 1244 quam
971 1197 1152 1233 Horatius
1186 1208 1314 1233 rerum
1347 1197 1437 1234 Par-

115 1256 306 1293 thicarum
329 1257 441 1307 fecit,
470 1256 596 1304 colligi
621 1259 770 1308 potest,
805 1260 1041 1305 quantopere
1069 1268 1138 1294 eae
1164 1257 1346 1294 Romanis
1373 1268 1438 1294 cu-

115 1328 182 1354 rae
209 1317 390 1365 cordique
416 1319 569 1355 fuerint.
622 1319 742 1355 Totus
785 1318 976 1355 assentior
1008 1318 1252 1356 Buttmanno.
1280 1318 1434 1356 Kirchn.

115 1378 193 1415 tab.
223 1379 352 1416 chron.
381 1379 464 1416 731.
495 1380 639 1416 Grotef.
665 1391 704 1428 p.
733 1379 817 1417 470.
836 1390 869 1416 a.
898 1379 982 1420 726.

218 1500 459 1537 cARMEN
475 1504 669 1541 XXXV·
686 1503 752 1554 „0
779 1504 874 1541 diva
897 1504 1087 1551 gyratam>⁵⁹
1111 1502 1323 1540 rectissime
1349 1504 1438 1550 post

116 1562 341 1599 Massonum
367 1559 477 1615 (Jani
503 1565 632 1612 templ.
660 1576 777 1601 reser.
805 1576 843 1612 p.
871 1564 1044 1601 82—87.
1072 1564 1139 1600 vit.
1167 1566 1258 1601 Hor.
1286 1575 1323 1611 p.
1353 1563 1436 1599 128.

118 1625 158 1659 et
185 1618 292 1676 196.)
318 1623 552 1661 Kirchnerus
578 1627 619 1662 in
646 1627 792 1672 quaest.
820 1637 857 1673 p.
874 1625 907 1661 5.
928 1623 1030 1675 §.9.‚
1059 1626 1204 1661 Grotef.
1232 1636 1269 1672 p.
1297 1624 1380 1662 470.
1398 1624 1435 1661 b.

117 1684 257 1731 aliique
283 1684 497 1721 retulerunt
522 1686 572 1722 ad
597 1698 630 1723 a.
659 1687 765 1735 727.,
801 1696 877 1734 quo
902 1687 1100 1732 Augustus
1134 1686 1176 1722 in
1200 1685 1439 1722 Britanniam

119 1746 158 1780 et
185 1744 382 1782 Orientem
400 1747 592 1783 exercitus
610 1747 796 1784 missurus
816 1749 909 1783 erat.
939 1743 1006 1797 (cf.
1025 1747 1101 1783 Dio
1116 1747 1179 1795 50,
1198 1746 1258 1782 24.
1277 1746 1437 1792 interpr.

119 1805 240 1842 Sturz.
267 1806 341 1843 vol.
376 1807 420 1844 V.
456 1818 494 1855 p.
529 1808 612 1845 625.
648 1809 724 1846 Dio
759 1809 826 1856 53,
862 1808 922 1843 22.
959 1809 998 1843 et
1023 1807 1083 1843 25.
1119 1809 1165 1843 cf.
1193 1807 1255 1844 od.
1285 1807 1327 1853 l,
1353 1802 1437 1858 29.)

121 1866 238 1914 Cujus
264 1867 323 1903 rei
349 1870 480 1915 aperte
506 1869 681 1905 meminit
705 1868 889 1905 Horatius
915 1879 950 1903 v.
979 1868 1027 1903 29
1055 1878 1134 1915 sq.:

316 1928 454 1965 Serves
479 1930 622 1966 iturum
649 1931 853 1967 Caesarem
877 1929 919 1964 in
944 1928 1099 1965 ultimos

316 1989 431 2026 Orbis
457 1990 683 2040 Britannos,
712 1992 751 2027 et
771 1990 957 2037 juvenum
982 2000 1116 2027 recens

379 2052 554 2088 Examen
578 2052 671 2090 Eois
697 2051 910 2088 timendum

431 2113 609 2150 Partibus
637 2114 867 2161 Oceanoque
893 2112 1021 2150 rubro.

117 2173 239 2211 Miror
264 2185 464 2211 assensum
491 2175 709 2212 cohibuisse
738 2175 822 2212 Car.
849 2174 1074 2211 Passovium
1108 2169 1195 2225 (vit.
1223 2173 1301 2208 not.
1328 2167 1437 2224 248.)

119 2237 158 2271 et
183 2235 379 2282 aliquanto
406 2236 612 2283 posteriori
638 2236 802 2284 tempori
830 2246 984 2272 carmen
1010 2233 1271 2281 adscripsisse.
1325 2233 1438 2276 Quod

118 2296 366 2333 vehementer
401 2296 626 2333 dissuadent
663 2309 720 2333 vs.
754 2298 802 2333 33
830 2307 908 2344 sq.:
960 2298 1106 2346 „Eheu
1138 2297 1369 2333 cicatricum
1401 2299 1439 2331 ec

120 2359 278 2394 sceleris
300 2359 425 2405 pudet
450 2358 584 2406 caetJ',
618 2357 659 2393 in
685 2357 823 2405 quibus
849 2360 966 2404 poeta
991 2368 1129 2395 recens
1153 2368 1176 2393 a
1200 2357 1363 2394 miseria
1390 2353 1438 2390 de

120 2415 304 2455 bellorum
329 2418 499 2455 civilium
523 2418 633 2455 malis
660 2418 927 2468 conqueritur,
953 2419 1066 2466 plane
1091 2421 1135 2454 ut
1159 2417 1221 2454 od.
1251 2417 1294 2465 1,
1329 2416 1363 2453 2.
1390 2413 1437 2449 22

123 2478 246 2524 sq.·et
269 2479 330 2517 od.
357 2480 403 2529 2,
432 2480 464 2517 1.
492 2480 540 2517 29
568 2491 623 2529 sq.
667 2475 734 2532 (cf.
782 2480 1000 2518 Germanici
1040 2481 1159 2518 verba
1202 2476 1303 2525 apud
1345 2476 1434 2514 Tac.
