1679 2948
730 209 1007 249 ..ὃς-

208 320 320 359 tatim
344 317 526 369 produnt.
564 316 722 355 Acron.-
749 317 936 367 „Tunicis
963 316 1154 367 demissis,
1181 318 1224 353 ut
1251 317 1326 355 sibi
1350 317 1538 355 honestus

206 382 396 420 videatur.
451 378 677 427 Composuit
702 381 832 416 autem
857 389 999 416 nomen
1026 377 1137 426 quasi
1162 388 1186 414 a
1210 377 1424 426 μαλθακός
1439 379 1537 416 Mal-

208 442 352 480 thinus.
395 442 672 479 Mecoenatem
696 442 848 490 tanyz'c:
871 441 1070 478 varicosus
1099 439 1201 476 enim
1226 439 1312 488 fuit,
1340 440 1540 478 delicatior

209 506 250 541 et
292 500 482 540 solutus.“
534 502 757 551 Porphyr..·
816 502 922 553 „Sub
964 501 1146 538 Malthini
1186 500 1341 537 nomine
1384 501 1539 549 quidam

208 564 478 600 Mecoenatem
519 563 764 611 suspicantur
805 563 1033 612 significari3
1079 562 1128 599 ab
1170 573 1212 599 re
1246 563 1377 598 tamen
1408 562 1539 600 finxit:

207 621 421 673 μαλθακὸς
447 624 551 661 enim
576 624 687 672 quasi
713 624 891 674 μαλακός
918 624 1069 661 dicitur.
1095 624 1216 662 Porro
1243 625 1374 660 autem
1398 624 1539 661 tunicis

208 683 387 722 demissis
413 685 609 722 ambulare
645 696 777 722 eorum
811 687 891 736 est,
926 686 992 734 qui
1027 697 1070 722 se
1104 685 1239 722 molles
1273 695 1319 722 ac
1354 683 1540 722 delicatos

206 744 343 783 haberi
386 745 547 784 velint.“
597 747 725 785 Schol.
756 747 895 796 C‘ruq.:
945 747 1153 797 „Malthini
1193 746 1350 783 nomine
1384 745 1542 794 quidam

206 805 476 844 Mecoenatem
510 807 717 855 significari
751 809 996 857 suspicantur
1030 806 1156 845 caet.“
1208 808 1344 846 Acron
1378 807 1428 844 ad
1461 808 1540 844 Sat.

211 867 247 918 l,
274 868 310 905 2.
337 869 398 905 64.
427 865 586 921 (Villius
614 870 655 906 in
680 866 869 922 Fausta):
924 870 1112 920 „Semper
1137 869 1287 906 incerta
1311 879 1383 917 pro
1410 869 1540 905 certis.

207 929 309 967 Nam
341 929 488 967 Fausta
521 930 649 977 Syllae
685 930 762 966 filia
796 931 838 967 T.
875 931 1003 967 Annio
1037 930 1175 967 Miloni
1207 932 1330 978 nupta
1363 929 1455 979 fuit,
1499 932 1544 966 ut

211 1001 331 1038 supra
357 991 550 1038 exposuit.
603 990 728 1028 Alibi:
764 991 830 1028 Me
867 991 989 1028 dulcis
1025 990 1202 1027 dominae
1229 991 1343 1027 Musa
1368 990 1542 1027 Liciniae

208 1061 280 1099 pro
307 1050 512 1088 Terentiae
520 1065 536 1098 3
563 1053 602 1088 et
627 1052 852 1090 Mallhinus
877 1054 1026 1091 tunicis
1053 1053 1237 1090 demissis
1263 1052 1449 1090 ambulat
1472 1062 1542 1100 pro

208 1110 464 1151 Mecoenas.“
490 1133 542 1140 -
566 1112 673 1150 Haec
700 1123 798 1161 quae
826 1114 984 1167 tracijint
1011 1114 1247 1151 Scholiastae
1265 1116 1309 1149 ut
1325 1112 1544 1162 probabilia

209 1173 306 1209 fiunt
331 1173 476 1220 insigni
500 1174 700 1210 nominum
735 1174 986 1212 similitudine
1022 1178 1062 1211 et
1093 1175 1180 1223 pari
1206 1174 1439 1221 syllabarum
1471 1185 1543 1211 nu·

209 1244 318 1271 mero
353 1246 398 1272 ac
432 1232 713 1289 quantitate³):
757 1236 813 1272 ita
840 1238 952 1273 extra
977 1247 1131 1272 omnem
1156 1236 1236 1272 sere
1263 1235 1544 1272 dubitationem

209 1297 406 1344 ponuntur
432 1306 519 1334 cum
545 1299 766 1346 propterea,
794 1297 897 1345 quod
923 1309 987 1334 res
1014 1307 1112 1345 quae
1140 1296 1360 1333 diffamatur
1384 1307 1544 1344 prorsus

208 1357 252 1394 in
276 1358 544 1394 Maecenatem
571 1357 686 1407 cadit,
713 1358 769 1395 ita
793 1361 849 1408 ut,
878 1358 1031 1394 etiamsi
1056 1360 1173 1406 poeta
1198 1357 1367 1394 noluerit
1390 1358 1544 1394 Maece-

210 1420 342 1455 natem
367 1419 643 1468 perstringere,
671 1418 718 1455 dc
747 1430 793 1456 eo
819 1419 984 1456 lectores
1011 1419 1180 1465 cogitare
1209 1418 1434 1468 debuerint,
1461 1421 1544 1456 tum

212 1479 318 1528 quod
344 1480 491 1517 Seneca
515 1479 540 1516 1.
567 1480 592 1517 1.
620 1481 876 1517 Horatianum
901 1481 1028 1517 locum
1052 1480 1108 1516 ita
1133 1480 1328 1529 respexit,
1361 1482 1406 1516 ut
1432 1479 1543 1517 dubi-

209 1541 286 1577 tari
319 1551 398 1577 non
432 1541 558 1589 possit
591 1541 686 1588 quin
728 1543 767 1577 et
800 1542 884 1589 ipse
918 1541 1185 1577 Maecenatem
1209 1540 1431 1577 vellicatum
1457 1553 1543 1579 esse

207 1601 417 1649 putaverit.
457 1601 496 1638 Is
525 1601 627 1637 enim
653 1601 720 1638 ubi
748 1601 868 1638 dixit.-
896 1601 1126 1651 „Quomodo
1152 1601 1360 1638 Maecenas
1385 1602 1543 1652 vixerit,

210 1662 341 1699 notius
368 1663 448 1712 est,
476 1672 591 1710 quam
617 1664 660 1698 ut
685 1663 834 1699 narrari
859 1673 962 1699 nunc
990 1661 1150 1699 debeat:
1189 1662 1383 1710 quomodo
1410 1663 1543 1701 ambu-

211 1723 363 1772 laverit,
391 1734 507 1772 quam
534 1723 882 1773 delicatus'fuerit,
911 1734 1027 1771 quam
1053 1723 1220 1771 cupierit
1245 1723 1392 1774 videri,
1427 1735 1544 1774 quam

211 1784 308 1821 vitia
334 1795 404 1820 sua
428 1784 552 1820 latere
581 1785 756 1821 voluerit.
811 1784 914 1828 Quid
940 1781 1060 1831 ergo‘t
1094 1795 1173 1821 non
1208 1786 1332 1822 oratio
1367 1785 1452 1832 ejus
1478 1797 1543 1823 ae·

208 1854 286 1892 que
314 1844 440 1882 soluta
466 1846 527 1882 est
552 1855 667 1893 quam
692 1846 777 1894 ipse
806 1842 1069 1883 discinctus&
1096 1846 1244 1894 pergit:
1272 1847 1388 1896 „Non
1413 1848 1543 1885 statim

213 1903 310 1942 haec
336 1917 424 1943 cum
448 1906 602 1956 legeris,
631 1907 704 1944 hoc
729 1907 801 1943 tibi
828 1908 1014 1957 occurrit,
1042 1907 1144 1944 hunc
1172 1918 1280 1958 esse,
1306 1910 1378 1958 qui
1401 1910 1544 1947 solutis

213 1967 363 2004 tuaeu‘cis
387 1968 432 2004 in
457 1968 558 2005 urbe
581 1979 737 2017 semper
760 1970 968 2006 incesserit
987 1965 1054 2022 *γὲ

312 2027 497 2065 Attamen
523 2029 584 2066 his
610 2030 788 2067 omnibus
823 2030 966 2067 dixerit
1000 2029 1192 2078 quispiam
1224 2030 1280 2067 nil
1313 2031 1419 2068 allud
1451 2041 1542 2079 pro-

213 2088 297 2125 bari
324 2099 438 2137 quam
463 2089 556 2127 hoc:
591 2093 630 2127 et
654 2091 737 2127 fieri
762 2091 957 2140 potuisse,
992 2094 1035 2127 ut
1062 2091 1110 2127 de
1135 2091 1362 2127 Maecenate
1389 2090 1451 2129 hic
1478 2104 1542 2130 su-

214 2149 345 2195 gillato
373 2150 627 2197 cogitaverint
651 2151 815 2188 lectores
844 2153 883 2188 et
908 2151 1027 2188 fuisse
1054 2151 1192 2201 etiam,
1221 2152 1287 2199 qui
1313 2152 1367 2189 ita
1395 2155 1540 2191 statue-

214 2211 302 2246 rent
330 2210 412 2256 jam
437 2212 590 2249 Horatii
623 2214 750 2250 aetate
786 2214 825 2249 et
857 2214 1015 2262 postea3
1050 2223 1122 2249 nec
1156 2215 1287 2250 tamen
1319 2215 1540 2252 necessario

213 2271 421 2322 consequi,
454 2275 499 2309 ut
531 2274 615 2322 ipse
641 2273 825 2311 Horatius
859 2275 898 2310 et
931 2273 1167 2310 intellexerit
1200 2274 1466 2313 Maecenatem
1500 2278 1541 2313 et

305 2434 343 2473 3)
365 2433 416 2465 Cf.
439 2433 541 2466 Bentl.
564 2434 607 2466 ad
629 2435 742 2468 Horat.
765 2437 836 2467 Sat.
862 2435 899 2474 1,
924 2437 955 2469 2.
981 2436 1033 2470 64.
1059 2440 1092 2469 et
1114 2435 1166 2467 od.
1191 2436 1230 2473 2,
1259 2435 1314 2469 12.
1338 2436 1391 2470 13.
1415 2437 1536 2470 Weich.

215 2488 248 2519 p.
271 2488 298 2510 r.
322 2487 396 2520 pag.
418 2479 483 2511 412
507 2490 553 2521 sq.

305 2533 344 2575 4)
366 2534 438 2565 Alia
458 2537 603 2567 veterum
634 2536 835 2573 testimonia,
871 2545 952 2578 quae
984 2535 1045 2568 huc
1067 2536 1241 2578 quadrant,
1265 2539 1424 2579 congessit
1448 2537 1535 2570 Wei-

216 2576 318 2610 cherti
341 2578 506 2619 diligentia
529 2590 559 2622 p.
583 2590 608 2612 r.
632 2590 663 2623 p.
688 2581 750 2614 446
774 2591 821 2621 sq.
