1679 2948
702 222 976 264 ,46-

187 341 336 370 summo
370 331 456 379 Jure
495 332 712 368 statuerunt
729 328 780 381 ⁶).
832 331 932 368 Nam
966 331 1066 368 sicut
1102 334 1219 380 poeta
1242 333 1371 372 ubivis
1394 337 1504 374 iam-

185 394 255 432 bos
288 396 420 443 vocat,
460 402 558 440 quae
591 393 747 438 epodon
784 391 939 427 nomine
978 391 1163 438 insignita
1200 393 1385 433 habemus
1423 408 1504 434 car-

183 455 290 491 mina
307 451 366 507 ⁷),
401 455 456 491 ita
490 454 552 490 hic
578 454 618 489 et
650 454 814 501 possunt
847 454 1006 489 cunctae
1041 452 1194 501 epodon
1226 454 1317 492 libri
1351 457 1504 504 eclogae

180 515 366 565 intelligi,
403 517 442 551 et
465 524 559 550 vero
584 513 701 551 etiam
726 513 889 564 debent,
926 513 1029 562 quod
1053 514 1103 551 ad
1128 514 1351 553 umbilicum
1384 518 1504 554 addu-

182 576 326 613 cendae
353 576 532 612 dicuntur
549 570 598 627 ⁸).
652 575 728 613 Sed
754 575 906 612 etiamsi
931 576 1115 612 Horatius
1136 576 1290 622 Jambos
1307 577 1349 614 in
1364 577 1505 616 librum

181 637 357 684 redigere
378 636 443 673 diu
460 636 576 674 fuerit
589 636 832 687 dedignatus,
859 636 907 674 ab
925 636 1010 685 ipso
1028 638 1158 674 tamen
1174 649 1242 675 eos
1269 637 1407 689 editos,
1433 649 1506 677 nec

269 804 308 846 6)
329 804 380 836 Cf.
408 803 584 836 Mitscherl.
620 803 785 836 Vanderb.
815 804 857 836 11.
891 814 922 846 p.
953 804 1031 837 561.
1066 804 1202 838 Passov.
1236 805 1294 837 vit.
1328 809 1394 837 not.
1427 804 1506 838 185.

179 848 310 881 Kirchn.
335 852 459 890 quaest.
481 860 514 891 p.
538 850 592 881 28.
620 848 653 891 §.
682 850 736 881 52.
772 849 871 880 Orelli
902 849 944 880 ad
966 849 997 880 h.
1020 850 1040 880 l.
1074 850 1208 881 Becker.
1251 850 1374 882 Gallus.
1409 850 1506 892 (Lps.

176 894 295 934 1838.)
318 894 382 925 vol.
405 895 430 925 I.
453 904 485 936 p.
508 893 586 926 170.
608 913 654 918 -
676 895 777 925 Secus
803 896 913 925 censet
934 894 1075 925 Massou.
1098 895 1132 926 in
1155 895 1292 927 histoire
1315 896 1386 927 crit.
1411 895 1452 927 de
1474 896 1507 927 la

178 938 248 980 rep.
270 939 301 970 d.
324 939 346 970 l.
369 938 461 970 Tom.
483 938 524 971 V.
547 949 580 980 p.
603 939 680 971 165.
705 941 738 969 et
760 937 837 970 166.

267 994 306 1035 7)
328 994 537 1036 Apertissime
558 995 591 1024 in
615 994 680 1026 his:
715 994 830 1024 Parios
854 1003 915 1033 ego
937 993 1057 1034 primus
1087 994 1211 1025 iambos
1242 995 1369 1027 ostendi
1391 995 1505 1034 Latio;

177 1041 245 1069 tum
268 1038 319 1069 od.
343 1039 375 1077 1,
398 1039 452 1071 16.
469 1041 500 1070 3.
525 1039 685 1070 criminosi
708 1039 815 1069 iambi.
839 1039 893 1070 24.
918 1039 1039 1069 celeres
1062 1039 1190 1078 iambi-3
1215 1040 1307 1080 epist.
1331 1040 1374 1070 ad
1396 1040 1506 1071 Pisou.

177 1082 231 1114 79.
254 1083 359 1114 iambo
383 1083 490 1114 rabies
511 1082 733 1114 Archilochum
756 1083 902 1114 armavit.
931 1102 976 1106 —
1007 1083 1099 1124 epist.
1134 1083 1163 1121 2,
1188 1085 1219 1116 2.
1243 1084 1298 1115 59.
1330 1084 1384 1116 hic
1414 1084 1506 1116 dele—

177 1129 284 1159 ctatur
304 1128 430 1159 iambis.
454 1127 495 1159 cf.
518 1127 643 1158 Grotef.
675 1137 706 1169 p.
729 1127 804 1160 460.
837 1137 866 1158 a.
899 1130 932 1159 et
962 1127 1003 1159 de
1033 1129 1181 1159 carminis
1211 1127 1451 1169 significatione
1472 1131 1507 1161 ct

177 1180 238 1203 usu
260 1172 381 1204 Weich.
405 1183 436 1213 p.
460 1172 516 1204 rel.
540 1182 572 1214 p.
597 1171 651 1203 40.

263 1227 303 1269 8)
326 1227 481 1269 Epodon
503 1236 616 1259 nomen
648 1227 733 1258 haud
765 1227 862 1258 dubie
891 1237 912 1259 a
941 1227 1157 1268 grammaticis
1189 1230 1222 1259 et
1250 1228 1393 1261 metricis
1423 1229 1505 1260 libro

175 1271 309 1303 inditum
332 1275 391 1303 est.
436 1272 508 1304 Nec
528 1272 663 1303 Horatio
687 1273 846 1312 cognitum
871 1276 958 1309 erat,
991 1282 1051 1303 nec
1081 1272 1312 1304 vetustioribus
1335 1274 1504 1315 scriptori-

174 1317 245 1355 bus,
267 1326 328 1348 nec
348 1317 411 1358 ipsi
433 1316 620 1348 Archilocho
643 1317 828 1348 adhibitum.
868 1317 898 1347 Is
922 1317 1028 1348 ubivis
1052 1316 1170 1347 dicitur
1192 1327 1212 1348 a
1234 1318 1399 1349 veteribus
1421 1319 1505 1350 scri-

175 1361 321 1402 ptoribus
333 1359 546 1402 jamborum
569 1363 728 1399 inventor,
752 1370 907 1402 nusquam
931 1362 1102 1402 epodorum
1126 1361 1184 1396 (cf.
1207 1361 1327 1393 Herod.
1351 1362 1450 1401 1,12.
1469 1372 1505 1396 π.

175 1406 268 1437 Arch.
302 1407 415 1447 fragm.
450 1406 501 1437 ed.
530 1406 642 1437 Liebel
674 1405 706 1446 ξ.
730 1406 761 1437 1.
786 1409 818 1436 et
841 1405 871 1446 ἓ.
895 1406 979 1447 19.).
1015 1406 1202 1437 Posteriore
1236 1406 1361 1438 demum
1393 1409 1505 1439 aetate

175 1451 347 1490 singularis
369 1452 423 1482 illa
450 1451 629 1490 jamborum
654 1451 879 1487 conformatio,
913 1460 953 1480 ex
977 1459 1040 1490 qua
1073 1450 1207 1489 longiori
1243 1451 1351 1483 versui
1383 1452 1504 1483 subde-

173 1495 270 1526 batur
299 1495 350 1527 vel
382 1496 607 1526 succinebatur
639 1495 786 1533 brevior,
824 1494 970 1534 inprimis
997 1495 1138 1534 jambico
1177 1495 1322 1527 trimetro
1357 1495 1503 1535 dimeter,

175 1540 348 1580 epodorum
370 1540 498 1572 nomine
521 1540 675 1580 insignita
699 1542 758 1571 est.
791 1539 832 1570 cf.
856 1538 1045 1570 Terentian.
1070 1539 1172 1570 Maur.
1206 1548 1238 1571 v.
1273 1540 1361 1573 2452
1391 1551 1438 1583 sq.
1470 1551 1502 1583 p.

371 1628 454 1660 tales
476 1628 629 1659 trimetris
652 1627 793 1658 subdidit
814 1626 949 1657 Flaccus
972 1627 1048 1664 suis,

378 1676 414 1703 ut
437 1673 579 1704 carmina
601 1672 774 1703 ostendunt
797 1671 917 1702 decem.

371 1716 448 1749 Ibis
469 1716 638 1749 Liburnis
660 1717 753 1748 inter
775 1717 855 1749 alta
878 1717 1034 1758 navium,

371 1763 504 1803 amice,
527 1761 815 1803 propuqnacztla.

373 1805 578 1837 Archilochus
600 1807 663 1837 isto
687 1806 792 1836 saevit
812 1805 914 1836 iratus
937 1807 1038 1836 metro

373 1854 486 1882 contra
507 1850 705 1891 Lycambam
729 1852 762 1881 et
783 1849 877 1880 filias.

173 1893 350 1935 Hephaest.
373 1905 405 1936 p.
430 1897 483 1928 22.
508 1897 561 1927 70.
583 1894 726 1926 Diomed.
750 1895 806 1925 III.
830 1894 906 1925 482.
930 1893 1051 1925 Zenob.
1074 1893 1113 1925 V.
1139 1894 1191 1926 68.
1227 1893 1308 1925 Mar.
1342 1893 1498 1925 Victorin.

173 1940 213 1970 II.
237 1949 268 1980 p.
292 1940 390 1971 2552.
425 1940 541 1971 Archil.
565 1941 615 1971 ed.
646 1940 739 1971 Lieb.
764 1938 794 1979 ἓ.
818 1938 872 1970 19.
895 1948 926 1978 p.
951 1939 993 1970 45
1019 1942 1051 1969 et
1073 1949 1104 1979 p.
1127 1939 1204 1971 162.
1249 1939 1362 1979 Itaque
1385 1939 1498 1979 singu-

172 1984 273 2014 lorum
299 1985 470 2015 carminum
494 1995 575 2025 quae
599 1985 692 2025 epodi
716 1984 863 2014 dicuntur
886 1983 1101 2014 denominatio
1124 1984 1249 2023 (Qu‘nt.
1274 1984 1349 2014 inst.
1373 1992 1419 2014 or.
1442 1983 1497 2021 10,

172 2028 204 2060 1.
228 2027 259 2068 ξ.
284 2028 354 2068 96.)
385 2028 477 2059 fluxit
508 2038 548 2060 ex
571 2029 724 2069 singulari
748 2038 855 2059 eorum
879 2029 1116 2068 compositione.
1140 2038 1171 2059 v.
1194 2028 1369 2058 Hermanni
1405 2027 1496 2058 elem.

173 2073 276 2103 doctr.
300 2077 391 2104 metr.
414 2083 445 2113 p.
470 2074 544 2105 670.
569 2077 601 2105 et
622 2073 759 2104 Boeckh.
791 2072 832 2103 dc
862 2075 953 2103 metr.
986 2073 1079 2103 Pind.
1113 2073 1167 2103 lib.
1192 2073 1217 2103 1.
1254 2082 1323 2112 cap.
1353 2071 1441 2102 XIV.
1464 2082 1497 2112 p.

173 2117 215 2149 86
240 2127 305 2158 sq.;
328 2117 469 2149 indidem
493 2118 591 2149 totius
614 2118 696 2155 libri,
720 2120 755 2147 ut
772 2117 840 2156 jam
863 2116 969 2147 Schol.
992 2116 1173 2157 Porplzyr.
1198 2116 1239 2147 ad
1263 2126 1313 2156 ep.
1337 2116 1369 2147 1.
1393 2125 1496 2146 anno—

173 2162 272 2193 tavit:
304 2162 378 2199 „hic
399 2163 480 2193 liber
505 2162 624 2203 epodos
646 2162 841 2199 inscribitur,
866 2161 990 2191 scilicet
1011 2162 1094 2202 quod
1117 2162 1163 2192 ita
1187 2170 1299 2192 versus
1322 2160 1354 2190 in
1379 2170 1416 2191 eo
1440 2170 1496 2191 or-

174 2205 275 2237 dinati
298 2210 388 2245 sunt,
413 2210 448 2238 ut
471 2208 604 2247 singulis
627 2208 805 2248 quibusque
836 2206 998 2236 clausulae
1028 2215 1106 2237 suae
1137 2208 1350 2237 succinantur.
1395 2205 1495 2235 Clau-

171 2251 259 2282 sulas
282 2254 389 2282 autem
400 2252 511 2292 Lyrici
535 2252 698 2293 appellant
721 2251 811 2291 quasi
827 2250 990 2290 praecisos
1006 2260 1120 2281 versus
1142 2251 1276 2290 integris
1300 2249 1495 2288 subjectos.“

171 2301 310 2341 itemque
341 2300 461 2332 Schol.
496 2300 622 2342 Cruq.:
668 2299 787 2338 „Liber
810 2290 978 2330 ἕπωδῶν
1000 2298 1117 2329 dicitur
1140 2299 1230 2339 quasi
1254 2298 1492 2336 versiculorum,

173 2345 248 2386 quia
269 2355 326 2385 per
349 2348 450 2376 totum
473 2345 556 2376 hunc
578 2346 691 2376 librum
714 2345 886 2384 majoribus
909 2344 1055 2375 versibus
1087 2353 1144 2374 seu
1175 2344 1371 2383 longioribus
1400 2345 1493 2384 post-

171 2393 331 2430 ponuntur
352 2390 489 2421 minores
513 2399 571 2420 seu
593 2390 792 2421 breviores.“
837 2390 908 2420 Nec
941 2390 1049 2419 obstat
1077 2387 1162 2428 quod
1190 2388 1333 2419 ultimum
1364 2395 1492 2418 carmen

172 2435 269 2465 meris
286 2435 404 2475 jambis
429 2435 636 2475 compositum
660 2437 727 2471 est,
758 2443 828 2465 cum
851 2434 883 2464 in
906 2433 1036 2473 reliquis
1059 2442 1137 2463 vere
1164 2433 1229 2463 sint
1258 2432 1362 2473 epodi.
1407 2431 1492 2462 Per-

172 2488 281 2519 peram
303 2481 376 2520 post
398 2479 477 2510 alios
500 2478 663 2510 Vanderb.
687 2479 728 2509 II.
750 2489 781 2519 p.
795 2478 871 2509 557.
896 2483 929 2509 et
951 2479 1026 2510 563.
1049 2486 1162 2508 nomen
1184 2475 1260 2507 inde
1282 2477 1383 2514 duxit,
1407 2475 1491 2517 quod

171 2526 259 2554 totus
280 2524 362 2555 liber
383 2528 456 2565 post
478 2523 556 2555 odas
578 2523 629 2554 vel
651 2523 774 2564 positus
797 2523 849 2554 vel
871 2523 902 2552 in
926 2523 1028 2553 lucem
1051 2521 1154 2552 editus
1177 2521 1229 2552 sit.
1266 2521 1354 2552 Idem
1377 2520 1492 2551 suadet

170 2568 309 2608 permira
331 2569 476 2600 dicamne
498 2577 539 2598 an
561 2568 683 2598 insulsa
705 2567 812 2607 glossa
836 2567 954 2597 codicis
978 2566 1139 2597 Vanderb.
1162 2565 1218 2596 V.:
1243 2565 1386 2603 „Finitis
1409 2574 1490 2606 qua-

170 2615 244 2644 tuor
273 2612 381 2644 Libris
403 2613 573 2645 carminum
596 2612 748 2644 Horatius
770 2621 789 2643 a
811 2611 1000 2644 Maecenate
1023 2613 1171 2652 rogatus,
1194 2612 1230 2641 ut
1251 2611 1280 2642 si
1303 2609 1407 2641 adhuc
1428 2609 1489 2640 ali-
