1659 2948
750 223 1025 266 -36-

227 334 428 372 consilium
462 332 659 380 scriptoris
695 333 734 367 et
768 333 930 368 tractata
955 331 1117 367 materia
1135 328 1207 384 ¹⁷).
1257 332 1355 368 Item
1380 331 1553 379 epilogus

225 396 369 444 triplex
403 405 488 431 esse
524 394 664 441 potest.
717 392 798 428 Aut
834 391 937 427 enim
971 390 1235 428 defensionem
1271 392 1394 429 libelli
1431 392 1552 429 conti-

225 459 292 492 net
311 452 392 509 ¹⁸),
427 456 494 491 aut
528 454 686 489 brevem
718 451 821 487 vitae
856 450 1187 488 adumbrationem
1209 448 1291 503 ¹⁹),
1325 455 1392 489 aut
1423 464 1553 489 merae

225 517 415 553 clausulae
451 517 490 550 et
525 511 762 561 perorationi
795 512 957 548 inservit
973 510 1047 563 20).
1101 511 1178 548 Sed
1212 511 1341 548 variae
1367 513 1440 549 hae
1465 524 1553 561 pro-

224 578 436 614 oemiorum
471 575 511 610 et
544 574 784 621 epilogorum
819 573 969 620 species
1004 574 1153 608 tantum
1187 573 1299 610 abest
1331 574 1376 608 ut
1410 576 1553 609 certam

224 637 391 684 aliquam
424 645 573 683 usuque
610 634 796 670 sancitam
830 635 991 670 formam
1018 633 1206 684 habeant,
1241 635 1285 669 ut
1309 633 1414 670 nulla
1438 634 1552 681 plane

224 698 308 742 lege
335 696 542 733 adstrictae
571 694 874 731 diversissimam
893 705 1082 742 quamque
1100 695 1263 731 induant
1289 696 1328 730 et
1353 704 1424 741 pro
1451 694 1552 730 arbi-

223 759 325 793 tratu
352 758 391 792 et
417 756 578 792 consilio
605 757 743 803 poetae
772 757 1067 792 conformentur.
1121 755 1234 798 Quod
1259 755 1359 791 bene
1380 754 1462 800 jam
1486 766 1552 790 ve-

223 820 284 853 tus
310 818 466 855 Schol.
492 817 689 866 Porphyr.
708 817 909 853 annotavit
927 816 976 852 ad
996 817 1108 864 epist.
1130 817 1149 852 1
1163 844 1174 866 ,
1193 816 1253 852 20.
1273 815 1353 851 his:
1382 815 1553 864 „Mirum

223 880 283 915 est
317 878 416 914 hanc
450 878 685 914 locutionem
719 877 821 913 inter
858 878 1042 925 epistolas
1077 878 1190 927 poni,
1230 888 1316 913 cum
1349 887 1474 923 neque
1502 876 1552 912 ad

222 939 422 976 absentem
455 949 581 986 neque
616 938 666 974 ad
700 940 945 984 praesentem
980 938 1176 974 hominem
1210 937 1354 985 scripta
1379 937 1449 986 sit,
1475 936 1552 972 nisi

221 1001 312 1048 quia
337 1002 536 1047 receptum
570 1001 630 1035 est
662 1001 701 1035 et
731 1001 933 1046 principia
967 1001 1007 1034 et
1035 998 1140 1044 fines
1172 999 1215 1034 in
1239 998 1416 1034 omnibus
1441 997 1552 1034 libris

220 1062 376 1098 nullius
409 1063 507 1108 leyis
538 1057 725 1105 formula
759 1062 963 1097 contineri.
1015 1059 1126 1096 Unde
1155 1060 1209 1096 sic
1234 1059 1386 1095 Lucret.
1414 1057 1553 1106 incipit

220 1122 386 1170 primum
424 1121 638 1168 Epicureae
677 1122 804 1156 sectae
841 1120 1008 1169 librum,
1057 1121 1112 1156 sic
1152 1120 1335 1166 Virgilius
1374 1121 1552 1166 quartum

222 1182 536 1228 Georgicoru1n.”
588 1180 754 1217 Proinde
789 1192 867 1217 non
902 1193 947 1217 ea
979 1184 1129 1217 tantum
1162 1183 1342 1229 poemata
1375 1180 1438 1216 vel
1463 1191 1551 1228 pro-

220 1244 347 1280 oemia
379 1243 442 1279 vel
476 1242 619 1290 epilogi
653 1242 833 1278 habenda
868 1245 976 1291 sunt,
1025 1253 1122 1289 quae
1157 1244 1239 1278 tota
1273 1241 1551 1289 compositione

220 1305 322 1341 hunc
348 1304 476 1352 ipsum
503 1304 618 1338 finem
643 1304 775 1350 aperte
804 1315 896 1351 prae
926 1315 966 1340 se
994 1305 1141 1352 ferunt,
1170 1306 1213 1339 ut
1238 1304 1330 1339 Hor.
1358 1302 1419 1339 od.
1450 1303 1485 1351 l,
1516 1302 1549 1338 1.

219 1365 264 1414 3,
292 1366 353 1401 30.
382 1365 495 1412 epist.
525 1364 568 1413 1,
595 1364 680 1412 20.,
723 1364 792 1399 sed
820 1375 866 1400 ea
893 1365 1031 1413 etiam,
1059 1366 1098 1401 in
1125 1365 1263 1412 quibus
1290 1364 1395 1400 idem
1412 1366 1550 1410 poetae

219 1426 420 1462 consilium
447 1425 585 1461 tectius
612 1425 733 1460 veluti
769 1425 966 1461 involucro
1001 1425 1247 1461 obscuratum
1272 1426 1379 1460 latet.
1432 1424 1550 1470 Cujus

218 1486 371 1532 generiS
406 1496 564 1533 prorsus
600 1485 768 1530 insignia
804 1487 893 1520 sunt
928 1486 1105 1532 exempla
1138 1485 1242 1532 apud
1275 1485 1402 1532 ipsum
1427 1486 1549 1521 Hora-

218 1548 315 1583 tium
341 1546 402 1582 od.
431 1547 476 1595 4,
506 1547 539 1582 l.
569 1548 608 1581 et
634 1546 678 1594 4,
718 1545 775 1581 15.
805 1548 875 1581 sat.
904 1545 948 1594 2,
979 1546 1011 1581 1.
1041 1547 1080 1581 et
1107 1546 1217 1592 epist.
1248 1545 1291 1593 1,
1322 1545 1354 1581 1.
1409 1546 1549 1588 Quale-

219 1618 369 1655 cunque
407 1607 524 1653 igitur
558 1606 599 1641 in
626 1606 815 1651 ejusmodi
841 1607 1030 1653 poematis
1057 1607 1322 1651 argumentum
1348 1608 1547 1656 tractatur,

217 1669 332 1705 modo
365 1678 415 1703 ne
449 1668 563 1715 plane
599 1677 622 1702 a
655 1667 729 1702 fine
765 1666 990 1715 abhorreat,
1027 1669 1160 1714 aptum
1179 1666 1433 1711 judicandum
1459 1668 1547 1717 erit,

219 1740 294 1777 quo
312 1730 428 1777 poeta
453 1730 519 1764 aut
539 1727 687 1773 justum
713 1727 812 1763 libro
830 1727 1069 1775 prooemium
1086 1728 1307 1774 praefixerit
1321 1731 1387 1764 aut
1401 1728 1547 1765 exitum

219 1789 481 1827 subnexuerit.
536 1788 648 1831 Quod
676 1789 808 1824 statim
837 1788 939 1824 eadit
965 1789 1006 1824 in
1033 1789 1191 1824 satiram
1215 1789 1244 1824 I.
1273 1789 1446 1836 primam.
1499 1789 1545 1826 In

219 1862 295 1899 qua
320 1849 471 1887 etiamsi
496 1859 575 1884 non
602 1848 744 1884 diserte
780 1851 916 1898 poeta,
953 1849 1056 1896 quod
1088 1849 1217 1885 inesse
1243 1850 1378 1887 vellet:
1414 1850 1544 1900 „Tibi‚

217 1912 446 1959 Maecenas,
481 1910 581 1946 huno
615 1909 786 1945 libellum
821 1910 1040 1945 dedicatum
1067 1911 1405 1959 consecratumque
1432 1911 1544 1947 volo’'

220 1970 509 2017 significaverit:
544 1972 673 2006 tamen
709 1973 747 2006 et
781 1971 959 2006 materies
987 1973 1025 2006 et
1052 1971 1228 2008 tractatio
1255 1971 1443 2016 ejusmodi
1470 1974 1542 2020 est,

219 2032 302 2078 ejus
328 2033 371 2067 ut
397 2031 596 2067 consilium
623 2031 722 2067 clare
745 2034 941 2078 appareat.
993 2032 1272 2077 Argumentum
1297 2033 1374 2069 tale
1400 2034 1472 2081 est,
1499 2034 1542 2068 ut

219 2093 365 2129 nullum
390 2092 560 2139 potuerit
585 2093 783 2139 prooemio
810 2091 937 2138 aptius
965 2092 1065 2136 eligi.
1119 2093 1267 2128 Tuetur
1300 2094 1415 2140 poeta
1448 2104 1540 2140 poe—

221 2154 281 2190 sin
315 2164 433 2190 suam.
488 2152 605 2199 Cujus
633 2164 718 2188 cum
744 2153 891 2188 indoles
919 2152 958 2188 in
993 2163 1039 2188 eo
1075 2152 1148 2188 sita
1185 2153 1256 2203 sit,
1291 2154 1334 2189 ut
1359 2163 1539 2200 perversa

307 2327 365 2369 17)
388 2327 535 2368 Propert.
559 2328 596 2365 2,
621 2327 653 2358 1.
677 2326 754 2357 Hor.
779 2327 848 2357 Sat.
872 2327 909 2365 2,
934 2327 964 2358 1.

305 2382 365 2424 18)
388 2383 534 2424 Propert.
559 2384 578 2414 2
593 2407 600 2420 ‚
625 2384 678 2414 25.
704 2381 798 2413 ovid.
822 2383 927 2413 Amor.
952 2381 990 2419 1,
1016 2382 1068 2413 15.
1093 2382 1171 2413 Hor.
1195 2383 1265 2413 Sat.
1291 2382 1329 2419 1,
1354 2382 1406 2414 10.

305 2437 365 2479 19)
388 2438 534 2479 Propert.
567 2437 603 2475 1,
636 2437 688 2469 22.
719 2436 809 2477 Virg.
845 2437 964 2477 Georg.
997 2438 1033 2475 4,
1057 2438 1132 2469 563.
1172 2437 1269 2468 ovid.
1292 2438 1397 2468 Amor.
1423 2439 1458 2476 3,
1483 2437 1535 2470 15.

217 2484 328 2514 Horat.
351 2483 443 2523 epist.
469 2482 504 2521 l,
528 2483 582 2514 20.

305 2538 366 2579 20)
389 2537 482 2568 Ovid.
505 2546 630 2568 arsam.
656 2537 692 2573 1,
717 2535 791 2568 771.
815 2537 854 2573 2,
879 2537 943 2568 733
967 2547 1013 2578 sq.
1038 2539 1068 2574 3,
1091 2538 1154 2569 809
1172 2548 1218 2579 sq.
1236 2538 1364 2569 Metam.
1382 2537 1435 2575 15,
1458 2536 1533 2569 871.

218 2581 305 2614 Fast.
327 2582 366 2621 1,
390 2582 454 2614 723
478 2592 524 2622 sq.
547 2581 659 2621 Virgil.
682 2582 714 2612 in
739 2580 876 2620 Georg..
900 2581 1012 2613 Horat.
1037 2582 1130 2622 epist.
1155 2582 1191 2619 1,
1217 2583 1268 2614 20.
1292 2582 1343 2613 od.
1368 2584 1398 2621 2,
1422 2583 1475 2614 20.
