1643 2959
660 233 937 274 —214—

140 344 379 396 καλούμενον
411 341 647 391 Αὔγουστον
681 339 939 390 ἀντωνόμασε
965 367 976 378 .
1009 338 1088 377 τῶν
1120 336 1197 389 γὰρ
1231 338 1362 378 ἄλλων
1395 337 1464 377 τὸν

139 405 410 457 Σεπτὲμβριον
436 401 580 449 οὕτως,
607 398 819 455 ἐπειδήπερ
846 399 886 439 ἔν
910 397 1022 450 αὐτῷ
1045 396 1281 449 ἐγεγέννητο,
1306 411 1465 452 προσα-

139 467 326 519 γορεῦσαι
350 462 644 512 ἐθελησάντων,
673 459 814 502 ἐκεῖνον
839 459 959 509 αὐτὸς
991 464 1273 514 προετίμησεν,
1307 458 1369 499 ὅτι
1400 462 1466 499 καῖ

139 526 291 572 ’ὕπατος
317 522 356 563 ἒν
382 523 494 575 αὐτῷ
517 521 562 563 τὸ
581 525 742 576 πρῶτον
767 520 1031 568 ἀπεδέδεικτο,
1058 524 1139 560 καῖ
1163 524 1326 572 μάχας
1349 522 1467 560 πολ-

140 586 229 633 λὰς
253 588 333 624 καῖ
358 586 580 636 μεγάλας
607 582 875 632 ἐνενικήκει
890 612 900 622 .
927 581 994 622 ε’πῖ
1009 583 1081 634 μὲν
1098 579 1166 621 οὖν
1182 582 1336 628 τούτοις
1352 577 1470 630 ἒγαυ-

142 645 303 701 ροῦτο.)
364 647 467 691 Quid
501 647 605 695 quod
638 657 688 683 ne
724 646 806 683 dies
843 646 999 694 quidem
1031 640 1259 692 ignoratur?
1315 643 1470 680 Etenim

141 710 427 748 Alexandriae
452 709 704 757 eoepuqnatio
732 718 809 744 non
835 708 958 744 solum
984 706 1032 743 ab
1059 706 1200 744 Orosio
1224 704 1311 742 libr.
1330 704 1366 740 6.
1386 715 1469 753 cap.

146 772 203 808 19.
232 771 282 808 ad
307 771 401 809 Kal.
427 771 566 807 Sea-tic.
591 771 779 818 refertur,
815 768 885 805 sed
912 768 1039 805 eidem
1066 768 1183 804 etiam
1209 765 1287 803 diei
1312 765 1354 802 in
1379 765 1472 803 Ka-

143 834 328 870 laudario
353 831 561 870 Antiatino
588 826 771 879 (Claudii
806 830 897 878 imp.
934 831 1107 876 tempore
1133 830 1177 864 ut
1201 826 1357 864 videtur
1382 836 1473 862 con-

144 889 266 943 secto)
293 892 489 939 adscripta
515 893 575 927 est
600 890 662 926 his
688 890 817 926 verbis
844 886 912 942 (cf.
940 889 1076 926 Orellii
1101 888 1214 925 inser.
1239 887 1305 924 lat.
1331 887 1404 923 vol.
1421 886 1470 923 11.

145 965 185 1035 p.
211 953 296 990 397.
348 952 485 990 Ideler.
513 951 554 988 in
579 950 796 988 Handbuch
824 950 893 986 der
920 949 1098 987 ChronoL
1124 949 1199 985 vol.
1226 948 1256 985 1.
1275 959 1313 996 p.
1343 944 1471 1000 153.):

810 1011 929 1047 AVG.

545 1070 810 1109 ALEXAND.
847 1069 1077 1108 RECEPIT.

148 1138 389 1184 Quamquam
416 1132 651 1172 dubitaverit
677 1132 815 1180 aliquis
842 1131 914 1168 hac
941 1131 988 1167 de
1015 1142 1069 1168 re.
1120 1131 1221 1169 Nam
1246 1131 1279 1168 si
1309 1130 1475 1169 Dionem

148 1193 344 1251 (51‚19.)
372 1196 568 1244 audimus,
596 1193 777 1241 Aegyptii
804 1204 853 1229 cx
878 1193 1034 1229 Patrum
1060 1191 1214 1229 decreto
1240 1191 1289 1229 ab
1316 1203 1363 1229 eo
1388 1193 1474 1241 ipso

149 1259 227 1308 die,
255 1269 330 1306 quo
355 1255 593 1295 Alexandria
619 1257 732 1326 cjapta
759 1257 855 1303 erat,
882 1263 1004 1289 annos
1022 1253 1283 1299 Augustorum
1298 1263 1475 1290 numera-

148 1322 239 1357 runt
265 1316 363 1372 (τήν
389 1331 430 1356 τε
454 1317 600 1367 ἡμέραν
626 1311 665 1352 ἓν
691 1306 718 1364 ᾗ
742 1314 763 1362 ἡ
792 1281 1076 1364 Ἀ’ἱεξάιδρεια
1102 1310 1220 1359 ἑάλω,
1247 1311 1408 1361 ἀγαθήν
1433 1326 1475 1352 τε

150 1377 261 1426 εἶναι,
279 1382 344 1417 καῖ
358 1376 396 1425 ἒς
413 1375 461 1416 τὰ
479 1376 613 1415 ἔπειτα
631 1374 694 1423 ἔτη
713 1374 833 1426 ἀρχὴν
851 1376 918 1424 τῆς
934 1373 1254 1427 ἀπαριθμήσεως
1263 1372 1392 1412 αὐτῶν
1408 1387 1477 1412 νο-

148 1438 386 1494 μίζεσθαι),
415 1442 454 1476 01
485 1439 701 1476 Censorino
728 1440 883 1474 auctore
911 1433 989 1490 ((10
1026 1436 1088 1472 (110
1115 1438 1193 1473 1131.
1219 1432 1312 1488 21.)
1347 1436 1396 1472 ab
1430 1447 1477 1474 eo

152 1506 345 1551 tempore,
380 1512 455 1550 quo
490 1501 531 1537 in
565 1500 752 1536 ditionem
784 1499 825 1535 P.
861 1499 905 1535 R.
934 1499 1131 1534 venerant.
1181 1497 1268 1534 Jam
1293 1507 1379 1534 cum
1403 1497 1477 1534 ini-

151 1564 250 1600 tium
283 1574 395 1600 aerae
430 1563 695 1608 Augustorum
729 1560 992 1608 Aegyptiacae
1026 1558 1206 1596 inciderit
1238 1557 1279 1594 111
1313 1558 1478 1606 primum

153 1625 256 1661 diem
280 1624 423 1661 mensis
450 1623 599 1671 Thoth,
635 1621 701 1669 qui
735 1631 769 1657 a.
804 1632 841 1656 u.
878 1632 908 1657 c.
936 1620 1018 1655 724.
1054 1619 1128 1655 11111
1151 1618 1277 1666 pridie
1304 1619 1382 1656 Cal.
1411 1619 1477 1656 Se-

154 1685 340 1734 ptembr.,
367 1686 410 1720 ut
436 1684 647 1732 probarunt
673 1681 895 1727 chronologi
922 1677 991 1732 (cf.
1018 1679 1155 1717 Ideler.
1182 1680 1206 1716 1.
1233 1679 1258 1717 L
1284 1690 1322 1728 p.
1351 1677 1477 1733 154.):

153 1746 391 1784 Alexandria
423 1746 497 1782 hoc
534 1744 663 1792 potius
702 1742 764 1779 die
804 1744 1025 1789 expugnata
1064 1752 1149 1777 0550
1182 1741 1307 1788 possit
1339 1740 1476 1777 videri.

155 1808 208 1844 At
232 1817 325 1843 vcro
352 1805 618 1852 hujuscemodi
643 1803 832 1840 rationem
858 1803 992 1838 salsam
1027 1813 1111 1839 esse
1146 1812 1272 1849 neque
1297 1801 1353 1837 113
1377 1812 1479 1838 com-

156 1870 352 1917 paratam,
387 1870 431 1903 ut
459 1866 546 1913 jure
581 1864 749 1913 quodam
783 1863 1042 1912 antiquissimi
1075 1862 1215 1911 lapidis
1250 1861 1363 1898 fidem
1388 1873 1478 1899 con-

157 1932 328 1978 temnas,
369 1928 473 1965 facili
511 1926 625 1964 modo
660 1925 858 1962 evincitur.
915 1925 1015 1962 Nam
1041 1925 1258 1972 Aegyptum
1284 1923 1480 1960 subactam

158 2001 244 2027 esse
270 1991 414 2027 Romae
436 1988 516 2035 jam
541 1988 597 2025 Id.
623 1986 834 2035 Septembr.
861 1985 1051 2022 311111ῖῖ4.
1067 1985 1267 2022 constabat
1280 1981 1349 2037 (cf.
1364 1984 1426 2021 od.
1442 1985 1479 2034 1,

158 2051 219 2087 37.
246 2062 284 2100 p.
302 2051 384 2087 170.
401 2053 440 2086 01
464 2050 583 2086 Mass.
609 2050 696 2086 Jan.
715 2050 741 2084 1.
759 2059 832 2084 res·
853 2058 938 2095 pag.
960 2043 1080 2099 182),
1107 2047 1162 2083 ita
1179 2049 1234 2096 ut,
1261 2045 1295 2083 si
1311 2045 1479 2082 Alexan-

160 2112 243 2148 dria
277 2113 442 2148 exeunte
475 2121 607 2147 mense
641 2110 744 2146 Sext.
780 2111 893 2157 capta
918 2111 1035 2157 essct,
1068 2107 1225 2144 nuntius
1258 2106 1330 2142 hac
1364 2105 1411 2141 de
1436 2116 1479 2141 re

160 2174 248 2220 post
272 2170 577 2220 quattuordecim
603 2170 685 2206 dies
711 2170 759 2207 ab
781 2171 959 2217 Aegypto
985 2170 1144 2206 Romam
1169 2167 1271 2202 esset
1295 2165 1477 2212 perlatus.

161 2233 243 2270 Hoc
268 2244 360 2270 vero
387 2231 570 2280 temporis
598 2231 723 2279 spatio
750 2230 791 2267 id
816 2231 898 2266 fieri
923 2230 1117 2278 potuisse,
1151 2225 1340 2274 siquidem
1364 2226 1479 2263 nimis

162 2293 317 2340 longum
351 2293 496 2330 saeviat
529 2293 629 2329 inter
661 2292 882 2338 Aegyptum
916 2292 955 2326 et
992 2289 1143 2326 Italiam
1175 2290 1337 2336 pontus,
1374 2289 1480 2324 recte

165 2354 320 2401 negavit
343 2354 512 2390 Masson.
539 2353 563 2390 l.
591 2353 638 2402 l.,
664 2352 849 2389 Acastum
875 2350 1182 2386 animadvertens
1207 2359 1284 2385 uno
1311 2350 1350 2384 et
1374 2347 1479 2394 vige-

166 2416 262 2452 simo
289 2414 350 2451 die
385 2415 513 2452 Roma
545 2414 723 2452 Athenas
754 2412 928 2461 venisse,
962 2411 1036 2448 etsi
1068 2413 1222 2447 strenue
1247 2409 1322 2445 iter
1346 2409 1481 2445 fecerit

166 2474 269 2527 (Cic.
297 2475 346 2512 ad
371 2476 457 2511 13111.
485 2476 545 2523 14,
572 2471 653 2525 5.),
681 2476 720 2510 et
745 2473 861 2510 alium
878 2473 1007 2510 nescio
1025 2482 1137 2520 quem
1155 2469 1325 2508 Seleucia
1343 2469 1480 2516 Syriae

167 2549 208 2574 se
233 2537 294 2573 28.
323 2536 385 2573 die
411 2535 656 2572 Brundisium
681 2534 886 2571 contulisse
912 2530 1013 2583 (Cic.
1041 2532 1090 2569 ad
1106 2531 1221 2569 Attic.
1241 2531 1301 2580 11,
1318 2527 1411 2582 20.).
1429 2550 1480 2558 -—

165 2599 301 2649 Itaque
335 2596 606 2637 Alexandriam
634 2594 715 2642 jam
748 2597 836 2632 ante
872 2594 907 2632 (1.
942 2594 1005 2633 lv.
1042 2593 1119 2632 Cal.
1148 2592 1250 2642 Sept.
1285 2601 1478 2642 expugna-
