1643 2959
649 201 936 246 -153—

126 313 255 350 animo
279 312 499 364 insederat,
526 313 663 351 eadem
687 313 856 362 imagine
881 325 975 351 usus
1001 314 1043 351 in
1060 315 1265 353 Octaviani
1290 316 1330 354 et
1354 316 1462 354 Mae-

125 376 274 413 cenatis
300 375 488 413 honorem
513 376 652 413 effatus
679 379 750 414 est.
802 377 885 414 Nec
910 377 1081 414 inaniter
1104 389 1166 414 me
1192 377 1289 415 haec
1314 378 1462 415 fudisse

125 436 318 483 intelliges
353 449 404 474 ex
438 439 725 486 comparatione
751 439 1069 476 Maecenatianae
1097 439 1303 486 orationis,
1347 450 1463 487 quam

123 497 202 535 Dio
231 499 337 536 Cass.
365 499 432 536 lib.
460 500 523 550 52,
552 500 611 537 16.
641 500 761 537 dedit.
814 501 955 538 Fusior
980 502 1154 549 profecto
1181 504 1222 538 et
1246 501 1464 538 accuratior

123 559 166 596 in
192 570 239 596 ea
265 561 450 607 allegoria
477 563 550 611 est,
579 573 695 610 quam
721 573 821 610 quae
840 562 889 599 ab
911 562 1099 599 historico
1125 564 1214 600 ficta
1241 574 1328 600 esse
1356 562 1464 600 credi

124 622 260 670 possit.
320 623 382 659 Ita
416 626 547 660 autem
581 623 633 660 ad
666 624 920 660 Horatianam
952 624 1125 674 accedit,
1167 626 1212 660 ut
1247 624 1295 661 de
1328 625 1464 660 nostra

123 685 275 721 ratione
303 684 447 731 ambigi
472 686 754 734 propemodum
778 688 960 734 nequeat.
1005 685 1122 732 „Ketis
1148 681 1217 723 διὰ
1241 683 1379 731 ταῦτα,
1404 685 1465 721 in-

125 745 231 795 quit,
259 744 280 793 ῆ
303 746 418 792 πόλις
435 745 549 795 ἡμῶν
574 744 709 797 ὥσπερ
737 745 855 793 ὁλκὰς
879 749 946 784 καῑ
971 746 1124 796 μεγάλη
1159 745 1310 799 πλήρης
1345 744 1465 797 ὄχλου

123 803 407 853 παντοδαποῦ,
437 809 564 858 χωρῐς
590 807 824 859 κυβερνήτου
851 808 1046 854 πολλὰς
1079 804 1168 855 ἤδη
1202 806 1383 857 γενεάς
1417 803 1465 845 ἓν

123 864 339 906 κλύδωνι
364 867 539 919 πολλῷ
565 870 836 920 φερομένη,
866 868 1025 905 σαλεύει
1051 881 1092 906 τε
1116 871 1184 906 καὶ
1210 867 1319 906 ἄττει
1347 865 1465 918 δεῦρο

122 927 299 984 κᾴκεῖσε,
325 928 514 981 καθάπερ
541 927 831 981 ἀνερμάτιστος
865 923 986 968 οὖσα.
1013 929 1105 979 μήτ’
1133 924 1202 967 οὖν
1223 927 1467 980 χειμαζομέ-

123 1004 190 1038 νην
216 989 268 1029 ἔτ’
296 989 416 1039 αὐτὴν
442 988 645 1043 περιίδῃ.
673 990 771 1046 ὁρᾷς
796 989 874 1042 γὰρ
902 990 957 1037 ὠς
970 990 1214 1043 ὑπέραντλος
1241 988 1326 1029 ἔστι
1343 990 1466 1040 ,μήτε

124 1055 323 1104 περίερμα
348 1050 633 1104 περιρῥαγῆναι
659 1050 780 1104 ἐάσῃς
809 1081 818 1091 .
846 1051 988 1104 σαθρὰ
1006 1054 1082 1105 γάρ
1109 1049 1206 1099 ἔστι,
1233 1054 1299 1090 καῖ
1326 1049 1468 1091 οὐδένα

124 1112 182 1152 ἔτι
218 1117 365 1167 χρόνον
406 1116 602 1166 ἀντισχεῖν
642 1111 851 1163 δυνήσεται
877 1143 887 1153 .
915 1114 1004 1152 ἀλλ’
1037 1111 1246 1167 ἐπειδήπερ
1291 1112 1330 1152 οῖ
1371 1114 1468 1152 θεοὶ

123 1172 351 1224 ἐλεήσαντες
384 1175 505 1225 αὐτὴν
546 1178 612 1214 καὶ
646 1173 900 1226 ἒπιγνιάμοιά
936 1175 981 1214 σὲ
1014 1178 1079 1214 καῖ
1105 1173 1321 1223 ἐπιστάτην
1347 1175 1469 1223 αὐτῆς

123 1234 364 1286 ἐπέστησαν,
391 1236 446 1288 μὴ
474 1234 641 1289 προδῷς
667 1237 735 1286 τὴν
760 1234 935 1288 πατρίδα
953 1266 962 1275 .
991 1239 1039 1275 ἵν’
1066 1236 1203 1288 ὥσπερ
1230 1237 1299 1275 νῦν
1326 1234 1395 1275 διὰ
1421 1237 1467 1276 σὲ

122 1298 265 1351 μικρὸν
307 1299 616 1346 ἀναπὲπνευκεν,
661 1299 765 1338 οὕτω
810 1301 876 1337 καῖ
918 1297 986 1337 τὸν
1028 1297 1169 1336 λοιπὸν
1211 1296 1338 1337 αἰῶνα
1379 1300 1466 1349 μετ’

123 1361 347 1412 ἀσφαλείας
373 1358 530 1414 duim?
582 1363 692 1399 Talia
717 1364 797 1399 fere
824 1362 1033 1398 Maecenas
1060 1372 1094 1398 a.
1123 1361 1144 1397 ’ἶ
1149 1361 1209 1397 25.
1238 1361 1349 1398 dixit.
1388 1361 1466 1398 Ita-

125 1434 200 1472 que
227 1424 356 1462 eidem
380 1425 444 1462 vel
470 1424 650 1473 sequenti
677 1435 833 1462 carmen
858 1424 1115 1460 Horatianum
1142 1422 1435 1469 assignaverim.

227 1550 472 1587 GARMEN
496 1550 625 1587 XVI.
672 1549 738 1600 „0
771 1554 905 1588 matre
934 1550 1137 1598 pulchrcffl’
1162 1550 1280 1598 poeta
1305 1559 1386 1586 non
1410 1548 1467 1586 ita

125 1611 247 1648 multo
273 1614 363 1661 post
390 1612 546 1661 epodon
572 1612 784 1650 editionem
808 1612 914 1649 lusit.
966 1612 1068 1649 Nam
1102 1612 1169 1660 qui
1204 1612 1468 1648 memorantur

126 1673 325 1711 criminosi
353 1674 477 1721 jambi
511 1674 617 1711 haud
652 1674 769 1713 dubie
804 1674 833 1710 ii
867 1672 1112 1720 intelligendi
1147 1675 1258 1722 sunt,
1294 1683 1390 1721 quos
1425 1673 1468 1709 in

127 1736 332 1773 Canidiam
358 1736 579 1785 scripserat.
633 1736 734 1773 Huic
762 1736 866 1773 enim
894 1734 1158 1784 spoponderat
1184 1733 1468 1782 quodammodo

126 1797 442 1846 deprecationem
466 1798 630 1845 lyricam
657 1798 769 1846 epod.
799 1798 869 1847 17,
897 1797 958 1833 49.
1011 1796 1122 1833 Idem
1147 1796 1312 1832 affirmat
1338 1795 1465 1832 Schol.

128 1860 266 1907 Cruq.:
307 1861 475 1909 „Cantat
514 1859 753 1908 palinodiam
786 1859 813 1896 i.
854 1870 888 1895 e.
933 1857 1125 1895 cantando
1164 1859 1324 1893 revocat
1366 1867 1467 1905 quae

127 1921 336 1970 scripserat
353 1922 475 1958 iratus
494 1922 536 1957 in
554 1922 718 1957 amicam
746 1919 1002 1957 Gratidiam.''
1053 1918 1235 1967 Epodum
1263 1918 1322 1955 17.
1341 1917 1468 1955 omni-

125 1994 191 2019 um
225 1983 480 2020 novissimum
514 1994 600 2019 esse
627 1982 817 2032 vidimus,
853 1991 954 2018 anno
981 1982 1062 2017 fere
1090 1980 1175 2016 724.
1196 1980 1465 2028 compositum.

124 2045 248 2094 Atqui
274 2045 322 2082 ab
350 2056 396 2082 eo
411 2045 508 2082 haec
534 2044 610 2082 oda
625 2055 705 2080 non
718 2044 834 2081 nimis
854 2042 1047 2089 disjuncta
1065 2053 1151 2079 esse
1168 2042 1297 2091 potuit
1322 2043 1466 2091 aetate,

126 2107 358 2156 praesertim
394 2119 482 2144 cum
516 2107 558 2143 in
593 2109 757 2154 utroque
795 2104 963 2142 carmine
998 2106 1116 2153 poeta
1150 2115 1191 2140 se
1228 2103 1339 2140 annis
1362 2113 1468 2151 pro-

125 2172 339 2207 vectiorem
364 2169 504 2217 prodat
530 2165 666 2221 (epod.
688 2169 757 2218 17,
784 2168 846 2204 21.
875 2169 914 2203 et
939 2166 1002 2203 od.
1021 2178 1058 2204 v.
1077 2164 1175 2218 22.).
1219 2165 1321 2202 Hinc
1347 2175 1465 2202 carm.

129 2231 188 2268 16.
217 2242 288 2280 per
313 2241 403 2268 ann.
432 2231 518 2268 724.
547 2234 587 2267 et
613 2230 699 2267 725.
728 2231 855 2267 ortum
886 2228 1073 2278 suspicor.
1127 2228 1214 2270 Qua
1239 2226 1282 2263 in
1306 2236 1349 2263 re
1377 2237 1467 2263 con-

127 2293 235 2330 venit
260 2293 356 2330 mihi
384 2305 470 2330 cum
497 2292 722 2330 Grotesend.
750 2304 788 2340 p.
808 2292 894 2328 469.
913 2302 947 2327 a.
977 2292 1017 2326 et
1043 2289 1079 2326 b.
1108 2284 1252 2342 (725.).
1306 2283 1466 2340 (Kirch-

129 2365 209 2392 ner.
237 2357 388 2404 quaest.
416 2366 453 2404 p.
482 2355 543 2392 27.
571 2353 609 2405 ξ.
638 2355 698 2391 51.
727 2365 763 2391 a.
791 2350 914 2405 726).
969 2353 1175 2390 Caeterum
1208 2350 1364 2387 fuerunt
1400 2348 1467 2396 qui

130 2415 244 2454 odam
269 2417 319 2454 ad
345 2417 632 2465 Tyndaridem,
660 2414 862 2452 Gratidiae
886 2414 1028 2463 filiam,
1061 2413 1191 2450 datam
1218 2424 1305 2449 esse
1333 2409 1466 2448 existi-

131 2481 301 2529 marent,
337 2481 547 2528 propterea
573 2477 678 2527 quod
702 2477 744 2514 in
770 2475 886 2513 duob.
914 2474 1110 2513 Torrentii
1136 2473 1246 2512 codd.
1276 2472 1370 2510 satis
1397 2470 1466 2508 ob-

134 2549 244 2576 scure
268 2541 342 2579 hoc
367 2542 509 2579 lemma
535 2540 748 2588 praefixum
783 2538 853 2575 sit:
889 2537 1142 2589 „Palinodia
1168 2535 1380 2575 Gratidiae
1406 2535 1467 2570 ad

134 2602 447 2651 Tyndaridem„
497 2603 599 2640 Sane
633 2601 717 2640 fieri
742 2599 892 2650 potuit,
918 2601 962 2637 ut
985 2601 1104 2649 poeta
1129 2597 1252 2647 ipsius
1279 2594 1463 2635 Canidiae
