1659 2948
635 210 913 253 -35-

671 342 721 349 —
746 343 796 349 —
821 322 875 360 At
897 323 984 373 ille,

312 382 390 425 Qui
415 390 480 417 me
505 385 713 421 commorit
727 403 779 410 —
795 385 940 422 melius
956 394 1038 422 non
1063 388 1230 433 tanqere
1255 386 1385 425 clamo
1399 407 1449 414 —

312 442 442 480 Flebit
466 447 506 480 et
529 444 702 491 insignis
727 450 833 482 tota
860 446 1164 484 cantabitur
1187 445 1337 485 urbe!

108 503 276 541 Proinde
328 504 403 540 erit
446 504 621 551 profecto
670 505 775 553 quod
823 507 1039 544 rationibus
1081 519 1175 556 quas
1217 509 1447 557 protulimus

107 565 223 602 fidem
248 564 405 602 habeas,
446 565 629 613 Sequitur
654 567 783 616 tertia,
812 578 888 615 qua
913 578 993 605 non
1017 569 1217 616 probabile
1238 570 1362 608 solum
1386 571 1446 621 fit,

108 626 332 673 singulatim
365 629 406 662 et
441 626 596 664 diverso
629 629 805 676 tempore
832 629 1060 666 Sermonum
1092 630 1214 667 libros
1239 632 1446 682 prodiisse,

106 687 176 724 sed
203 688 323 724 etiam
349 688 542 737 cogimur,
570 688 613 724 id
638 691 682 724 ut
709 691 934 727 statuamus.

205 749 241 785 3.
281 749 339 785 Ea
380 748 471 784 inde
512 749 705 798 petenda,
747 750 852 797 quod
886 751 1010 798 priori
1047 750 1147 788 libro
1186 753 1368 800 prologus
1408 756 1448 791 et

103 810 278 858 epilogus
314 808 470 846 additus
506 811 588 860 est,
626 811 738 847 alteri
771 811 955 859 prologus
992 814 1164 862 tantum,
1200 823 1328 862 neque
1354 826 1447 852 vero

103 872 291 920 epilogus.
343 871 444 908 Nam
471 870 505 907 si
522 873 729 920 utrumque
746 872 888 910 librum
907 873 1022 911 simul
1040 875 1079 910 et
1096 874 1234 911 eodem
1259 876 1446 924 temporis

101 935 297 970 momento
325 932 507 969 edidissit
531 933 738 984 Horatius,
774 933 879 971 haud
915 935 1031 972 dubie
1063 938 1131 972 aut
1156 948 1267 973 suum
1293 937 1445 987 cuique,

100 996 169 1032 aut
205 995 240 1031 si
264 995 333 1031 uni
359 996 533 1045 tantum,
560 1006 640 1032 non
663 998 790 1044 primo
826 996 895 1035 sed
923 996 1093 1033 secundo
1120 997 1338 1035 addidisset
1363 998 1446 1046 epi-

99 1057 253 1106 logum,
290 1067 368 1105 quo
403 1057 528 1092 totum
553 1067 651 1104 opus
679 1057 753 1093 rite
773 1058 1027 1095 clauderetur.
1079 1059 1141 1096 lta
1167 1060 1251 1107 ipse
1269 1060 1311 1096 in
1328 1060 1445 1097 trium

97 1119 286 1155 librorum
312 1118 483 1155 editione
512 1118 724 1155 carminum
750 1120 952 1166 prologum
979 1115 1046 1170 (l,
1075 1116 1133 1172 1.)
1161 1120 1209 1157 ab
1236 1120 1348 1157 initio
1373 1132 1444 1169 po-

98 1179 197 1230 suit,
227 1180 424 1228 epilogum
449 1176 527 1232 (3,
556 1179 649 1233 30.)
681 1181 723 1216 in
758 1182 832 1217 fine
868 1181 988 1218 totius
1023 1182 1167 1229 operis.
1221 1182 1298 1218 Sed
1333 1182 1445 1219 deest

97 1243 138 1278 et
171 1241 297 1290 primo
333 1242 504 1279 clausula
538 1244 579 1278 et
614 1242 783 1279 secundo
819 1242 1072 1290 prooemium.
1136 1243 1280 1279 Contra
1314 1245 1354 1279 et
1380 1243 1443 1281 hic

98 1304 295 1351 epilogum
329 1304 448 1340 habet
481 1299 555 1355 (2,
583 1300 676 1355 20.)
714 1306 754 1340 et
789 1304 928 1340 tertius
963 1304 1134 1352 speciem
1161 1305 1264 1340 certe
1291 1304 1444 1352 prologi

97 1360 190 1417 (od.
219 1366 264 1414 3,
294 1366 328 1402 1.
358 1365 434 1402 Odi
453 1366 658 1414 profanum
685 1361 825 1418 caet.)
878 1366 985 1402 Haec
1011 1365 1130 1411 igitur
1156 1368 1272 1413 prout
1297 1365 1444 1413 placuit

97 1428 249 1475 poetae.
311 1426 461 1462 Eodem
496 1426 612 1462 modo
646 1428 815 1474 primum
841 1427 1092 1475 epistolarum
1125 1427 1290 1476 librum,
1326 1437 1443 1475 quem

97 1497 273 1524 seorsum
308 1487 501 1534 prodiisse
535 1497 650 1523 nemo
681 1498 851 1535 unquam
888 1488 1070 1537 negavit,
1100 1487 1208 1534 justo
1242 1487 1442 1536 prooemio

96 1550 136 1585 et
163 1548 317 1596 epilogo
344 1547 541 1584 instruxit.

194 1611 340 1648 Verum
365 1620 453 1645 cum
479 1608 530 1658 ii,
559 1609 626 1656 qui
655 1620 765 1646 secus
802 1612 982 1658 censent,
1019 1610 1082 1646 vel
1116 1610 1346 1656 negaverint
1373 1610 1441 1647 de-

95 1672 235 1710 cimam
259 1671 350 1707 libri
375 1671 405 1707 Ι.
443 1670 603 1707 satiram
638 1670 802 1718 epilogi,
838 1673 877 1706 et
911 1671 1076 1719 primam
1101 1670 1130 1707 I.
1160 1673 1200 1707 et
1224 1671 1272 1707 H.
1301 1683 1440 1719 prooe-

94 1734 164 1770 mii
187 1734 316 1770 locum
341 1734 474 1769 tenere
502 1728 581 1784 (cf.
610 1732 810 1769 Kirchner.
840 1732 932 1769 edit.
961 1733 1080 1769 Serm.
1109 1743 1146 1780 p.
1177 1733 1260 1769 157.
1287 1735 1436 1780 quaest.

94 1806 133 1844 p.
162 1795 222 1831 11.
250 1796 290 1832 et
317 1794 374 1831 12.
404 1792 440 1844 ξ.
469 1789 585 1846 24.),
612 1794 676 1830 vel
701 1794 860 1830 fortuito
886 1795 1030 1830 factum
1047 1793 1238 1843 dixerint,
1266 1794 1371 1841 quod
1396 1794 1438 1830 in

95 1857 217 1894 altero
254 1856 497 1892 desideretur
524 1855 720 1902 epilogus:
757 1866 854 1902 opus
891 1857 951 1890 est
977 1866 1063 1891 cum
1090 1854 1246 1891 omnino
1274 1855 1321 1891 de
1346 1866 1437 1904 pro-

93 1919 269 1964 logorum
304 1919 344 1953 et
379 1916 619 1964 epilogorum
653 1917 728 1951 fine
767 1918 807 1951 et
841 1915 970 1952 indole
1007 1916 1222 1966 disserere,
1268 1918 1352 1953 tum
1387 1916 1435 1952 de

94 1979 341 2028 Horatianis,
377 1989 424 2014 eo
450 1978 594 2027 magis,
630 1988 707 2025 quo
734 1977 874 2013 clarius
903 1988 952 2013 ex
979 1979 1204 2023 argumento
1232 1979 1271 2013 et
1295 1979 1436 2014 natura

95 2041 174 2078 Sat.
201 2041 242 2091 Ι,
283 2041 341 2077 10.
380 2042 420 2076 et
453 2039 513 2089 II,
552 2039 584 2075 1.
623 2039 777 2075 diverso
815 2038 935 2075 libros
970 2040 1144 2087 tempore
1186 2039 1434 2087 pervulgatos

95 2112 182 2139 esse
211 2101 427 2149 apparebit.

193 2163 354 2211 Triplex
390 2164 471 2199 fere
507 2161 793 2210 prooemiorum
818 2160 904 2197 finis
931 2162 1014 2210 est,
1045 2161 1358 2210 quandoquidem
1383 2162 1433 2198 iis

95 2226 162 2261 aut
190 2224 392 2261 dedicatur
418 2235 538 2273 opus,
567 2224 629 2260 cui
655 2223 826 2271 praefixa
854 2224 943 2259 sunt
962 2218 1043 2274 ¹⁵),
1072 2224 1139 2258 aut
1165 2225 1432 2268 argumentum

96 2288 134 2322 et
166 2286 408 2323 tractationis
442 2287 542 2323 ratio
577 2285 712 2333 paucis
748 2283 982 2331 significatur
1003 2281 1084 2337 ¹⁶),
1120 2285 1187 2320 aut
1214 2284 1434 2321 defenditur

183 2454 245 2496 15)
268 2454 384 2486 Catull-
407 2453 433 2484 Ι.
457 2452 597 2484 Phaedr.
622 2452 686 2483 fab.
712 2453 747 2490 3,
771 2451 851 2493 prol.
869 2451 908 2490 4,
932 2451 1011 2492 prol.
1056 2451 1205 2492 Propert.
1223 2451 1254 2491 2,
1270 2450 1302 2483 1.
1335 2449 1429 2483 ovid.

97 2497 186 2529 Fast.
210 2499 251 2538 1,
274 2510 305 2532 v.
330 2501 350 2532 3
373 2509 420 2540 sq.
466 2498 580 2529 Horat.
605 2498 655 2528 od.
679 2497 717 2536 1,
741 2496 773 2529 1.
820 2498 889 2527 Sat.
914 2496 953 2534 1,
977 2495 1009 2527 1.
1034 2496 1127 2537 epist.
1152 2496 1182 2535 1,
1207 2496 1238 2528 1.

184 2553 246 2595 16)
268 2555 370 2586 Plane
400 2557 437 2585 ut
459 2555 492 2585 in
524 2553 702 2585 fabularum
725 2553 877 2593 prologis.
923 2551 1012 2592 Virg.
1037 2551 1167 2592 Georg.‚
1190 2550 1328 2582 Phaedr.
1351 2551 1428 2591 sab„

97 2597 194 2630 Ovid.
217 2598 307 2631 Fast.
329 2600 384 2631 lib.
407 2599 433 2630 I.
458 2599 498 2630 Π.
522 2599 579 2630 ΙΠ.
605 2601 688 2630 caet.
711 2598 826 2629 Horat.
850 2598 920 2629 Sat.
945 2596 1034 2635 2,1.
1059 2596 1109 2628 od.
1126 2597 1157 2633 4,
1175 2595 1206 2627 1.
1229 2596 1322 2637 epist.
1344 2595 1426 2635 1,1.

1100 2648 1160 2688 3*
