<?xml version="1.0" encoding="UTF-8"?>
<!DOCTYPE html PUBLIC "-//W3C//DTD XHTML 1.0 Transitional//EN"
    "http://www.w3.org/TR/xhtml1/DTD/xhtml1-transitional.dtd">
<html xmlns="http://www.w3.org/1999/xhtml" xml:lang="en" lang="en">
 <head>
  <title>
</title>
<meta http-equiv="Content-Type" content="text/html;charset=utf-8" />
  <meta name='ocr-system' content='tesseract 3.04.00' />
  <meta name='ocr-capabilities' content='ocr_page ocr_carea ocr_par ocr_line ocrx_word'/>
</head>
<body>
  <div class='ocr_page' id='page_1' title='image "./fastihoratianiac00franuoft_0181.png"; bbox 0 0 1643 2959; ppageno 0'>
   <div class='ocr_carea' id='block_1_1' title="bbox 668 167 939 212">
    <p class='ocr_par' dir='ltr' id='par_1_1' title="bbox 668 167 939 212">
     <span class='ocr_line' id='line_1_1' title="bbox 668 167 939 212; baseline 0.004 -1"><span class='ocrx_word' id='word_1_1' title='bbox 668 167 939 212; x_wconf 80' lang='lat'>-171—</span> 
     </span>
    </p>
   </div>
   <div class='ocr_carea' id='block_1_2' title="bbox 143 276 1474 880">
    <p class='ocr_par' dir='ltr' id='par_1_2' title="bbox 143 276 1474 880">
     <span class='ocr_line' id='line_1_2' title="bbox 409 276 1300 332; baseline 0.002 -16"><span class='ocrx_word' id='word_1_2' title='bbox 409 276 607 332; x_wconf 84' lang='lat' dir='ltr'><strong>(Antehac</strong></span> <span class='ocrx_word' id='word_1_3' title='bbox 630 278 767 327; x_wconf 68' lang='lat' dir='ltr'>nefasll</span> <span class='ocrx_word' id='word_1_4' title='bbox 797 278 1033 328; x_wconf 84' lang='lat' dir='ltr'>delpromere</span> <span class='ocrx_word' id='word_1_5' title='bbox 1061 277 1300 332; x_wconf 80' lang='lat' dir='ltr'>Caecubum)</span> 
     </span>
     <span class='ocr_line' id='line_1_3' title="bbox 146 340 847 390; baseline -0.003 -11"><span class='ocrx_word' id='word_1_6' title='bbox 146 351 213 379; x_wconf 83' lang='lat' dir='ltr'>um</span> <span class='ocrx_word' id='word_1_7' title='bbox 237 340 326 378; x_wconf 81' lang='lat' dir='ltr'>eine</span> <span class='ocrx_word' id='word_1_8' title='bbox 353 340 467 388; x_wconf 80' lang='lat' dir='ltr'>Sylbe</span> <span class='ocrx_word' id='word_1_9' title='bbox 493 351 541 378; x_wconf 88' lang='lat' dir='ltr'>zu</span> <span class='ocrx_word' id='word_1_10' title='bbox 565 340 675 390; x_wconf 79' lang='lat' dir='ltr'>friih,</span> <span class='ocrx_word' id='word_1_11' title='bbox 701 351 737 377; x_wconf 85' lang='lat' dir='ltr'>v.</span> <span class='ocrx_word' id='word_1_12' title='bbox 767 340 847 378; x_wconf 83' lang='lat'>14.:</span> 
     </span>
     <span class='ocr_line' id='line_1_4' title="bbox 411 398 1237 454; baseline 0.001 -16"><span class='ocrx_word' id='word_1_13' title='bbox 411 398 678 452; x_wconf 86' lang='lat' dir='ltr'>(Mentemque</span> <span class='ocrx_word' id='word_1_14' title='bbox 703 400 972 449; x_wconf 60' lang='lat' dir='ltr'>lymphaltamff!</span> <span class='ocrx_word' id='word_1_15' title='bbox 999 399 1237 454; x_wconf 75' lang='lat' dir='ltr'>Mareotico)</span> 
     </span>
     <span class='ocr_line' id='line_1_5' title="bbox 145 462 1470 513; baseline -0.001 -11"><span class='ocrx_word' id='word_1_16' title='bbox 145 475 211 502; x_wconf 90' lang='lat' dir='ltr'>um</span> <span class='ocrx_word' id='word_1_17' title='bbox 237 463 324 501; x_wconf 85' lang='lat' dir='ltr'>eine</span> <span class='ocrx_word' id='word_1_18' title='bbox 351 462 466 510; x_wconf 88' lang='lat' dir='ltr'>Sylbe</span> <span class='ocrx_word' id='word_1_19' title='bbox 491 474 541 500; x_wconf 91' lang='lat' dir='ltr'>zu</span> <span class='ocrx_word' id='word_1_20' title='bbox 567 464 654 510; x_wconf 71' lang='lat' dir='ltr'>sp&#39;at</span> <span class='ocrx_word' id='word_1_21' title='bbox 680 462 1027 513; x_wconf 83' lang='lat' dir='ltr'>einzuschneiden‚</span> <span class='ocrx_word' id='word_1_22' title='bbox 1062 474 1143 500; x_wconf 83' lang='lat' dir='ltr'>was</span> <span class='ocrx_word' id='word_1_23' title='bbox 1169 465 1296 501; x_wconf 82' lang='lat' dir='ltr'><strong>Horaz</strong></span> <span class='ocrx_word' id='word_1_24' title='bbox 1322 463 1405 501; x_wconf 81' lang='lat' dir='ltr'>sich</span> <span class='ocrx_word' id='word_1_25' title='bbox 1428 464 1470 501; x_wconf 88' lang='lat' dir='ltr'>in</span> 
     </span>
     <span class='ocr_line' id='line_1_6' title="bbox 143 523 1470 574; baseline 0 -11"><span class='ocrx_word' id='word_1_26' title='bbox 143 525 282 564; x_wconf 85' lang='lat' dir='ltr'>keiner</span> <span class='ocrx_word' id='word_1_27' title='bbox 307 525 454 562; x_wconf 85' lang='lat' dir='ltr'>andern</span> <span class='ocrx_word' id='word_1_28' title='bbox 481 523 706 560; x_wconf 85' lang='lat' dir='ltr'>alkaischen</span> <span class='ocrx_word' id='word_1_29' title='bbox 731 524 815 561; x_wconf 90' lang='lat' dir='ltr'>Ode</span> <span class='ocrx_word' id='word_1_30' title='bbox 841 524 1026 574; x_wconf 83' lang='lat' dir='ltr'>erlaubte,</span> <span class='ocrx_word' id='word_1_31' title='bbox 1053 536 1170 562; x_wconf 79' lang='lat' dir='ltr'>wenn</span> <span class='ocrx_word' id='word_1_32' title='bbox 1194 536 1237 562; x_wconf 87' lang='lat' dir='ltr'>er</span> <span class='ocrx_word' id='word_1_33' title='bbox 1263 525 1346 563; x_wconf 91' lang='lat' dir='ltr'>sich</span> <span class='ocrx_word' id='word_1_34' title='bbox 1371 525 1470 562; x_wconf 81' lang='lat' dir='ltr'>auch</span> 
     </span>
     <span class='ocr_line' id='line_1_7' title="bbox 148 584 1061 625; baseline -0.004 0"><span class='ocrx_word' id='word_1_35' title='bbox 148 587 338 625; x_wconf 88' lang='lat' dir='ltr'>zuweilen</span> <span class='ocrx_word' id='word_1_36' title='bbox 363 584 464 623; x_wconf 89' lang='lat' dir='ltr'>noch</span> <span class='ocrx_word' id='word_1_37' title='bbox 489 584 633 621; x_wconf 85' lang='lat' dir='ltr'>andere</span> <span class='ocrx_word' id='word_1_38' title='bbox 658 585 882 623; x_wconf 86' lang='lat' dir='ltr'>Freiheiten</span> <span class='ocrx_word' id='word_1_39' title='bbox 906 585 1061 622; x_wconf 76' lang='lat' dir='ltr'>nahm.”</span> 
     </span>
     <span class='ocr_line' id='line_1_8' title="bbox 276 645 1239 692; baseline -0.002 -7"><span class='ocrx_word' id='word_1_40' title='bbox 276 648 344 685; x_wconf 90' lang='lat' dir='ltr'>Bis</span> <span class='ocrx_word' id='word_1_41' title='bbox 370 656 530 684; x_wconf 86' lang='lat' dir='ltr'>caesura</span> <span class='ocrx_word' id='word_1_42' title='bbox 554 645 669 692; x_wconf 88' lang='lat' dir='ltr'><strong>hujus</strong></span> <span class='ocrx_word' id='word_1_43' title='bbox 695 657 831 683; x_wconf 86' lang='lat' dir='ltr'>versus</span> <span class='ocrx_word' id='word_1_44' title='bbox 856 646 1033 683; x_wconf 82' lang='lat' dir='ltr'>turbatur</span> <span class='ocrx_word' id='word_1_45' title='bbox 1059 646 1239 684; x_wconf 85' lang='lat' dir='ltr'>elisione:</span> 
     </span>
     <span class='ocr_line' id='line_1_9' title="bbox 342 706 1446 756; baseline 0.001 -11"><span class='ocrx_word' id='word_1_46' title='bbox 342 707 405 745; x_wconf 88' lang='lat' dir='ltr'>od.</span> <span class='ocrx_word' id='word_1_47' title='bbox 435 707 471 756; x_wconf 86' lang='lat'>1,</span> <span class='ocrx_word' id='word_1_48' title='bbox 500 706 558 743; x_wconf 86' lang='lat'>16.</span> <span class='ocrx_word' id='word_1_49' title='bbox 584 706 645 743; x_wconf 81' lang='lat'>21.</span> <span class='ocrx_word' id='word_1_50' title='bbox 670 706 822 744; x_wconf 83' lang='lat' dir='ltr'>Hostile</span> <span class='ocrx_word' id='word_1_51' title='bbox 848 710 1019 744; x_wconf 80' lang='lat' dir='ltr'><strong>aratrum</strong></span> <span class='ocrx_word' id='word_1_52' title='bbox 1044 707 1236 745; x_wconf 84' lang='lat' dir='ltr'>exercitus</span> <span class='ocrx_word' id='word_1_53' title='bbox 1262 707 1446 746; x_wconf 83' lang='lat' dir='ltr'>insolens.</span> 
     </span>
     <span class='ocr_line' id='line_1_10' title="bbox 342 765 1471 816; baseline 0.002 -11"><span class='ocrx_word' id='word_1_54' title='bbox 342 767 405 805; x_wconf 89' lang='lat' dir='ltr'>od.</span> <span class='ocrx_word' id='word_1_55' title='bbox 431 767 469 816; x_wconf 83' lang='lat'>2,</span> <span class='ocrx_word' id='word_1_56' title='bbox 499 766 556 802; x_wconf 85' lang='lat'>17.</span> <span class='ocrx_word' id='word_1_57' title='bbox 581 766 641 802; x_wconf 88' lang='lat'>21.</span> <span class='ocrx_word' id='word_1_58' title='bbox 666 765 879 816; x_wconf 83' lang='lat' dir='ltr'>Utrumque</span> <span class='ocrx_word' id='word_1_59' title='bbox 904 771 1079 805; x_wconf 85' lang='lat' dir='ltr'>nostrum</span> <span class='ocrx_word' id='word_1_60' title='bbox 1103 769 1322 807; x_wconf 84' lang='lat' dir='ltr'>incredibili</span> <span class='ocrx_word' id='word_1_61' title='bbox 1345 768 1471 806; x_wconf 89' lang='lat' dir='ltr'>modo.</span> 
     </span>
     <span class='ocr_line' id='line_1_11' title="bbox 145 826 1474 880; baseline 0 -14"><span class='ocrx_word' id='word_1_62' title='bbox 145 827 273 867; x_wconf 86' lang='lat' dir='ltr'>Semel</span> <span class='ocrx_word' id='word_1_63' title='bbox 297 827 339 865; x_wconf 89' lang='lat' dir='ltr'>in</span> <span class='ocrx_word' id='word_1_64' title='bbox 365 827 593 876; x_wconf 88' lang='lat' dir='ltr'>posterioris</span> <span class='ocrx_word' id='word_1_65' title='bbox 625 827 766 864; x_wconf 83' lang='lat' dir='ltr'>aetatis</span> <span class='ocrx_word' id='word_1_66' title='bbox 800 828 969 865; x_wconf 86' lang='lat' dir='ltr'>carmine</span> <span class='ocrx_word' id='word_1_67' title='bbox 1004 826 1072 880; x_wconf 87' lang='lat'>(4,</span> <span class='ocrx_word' id='word_1_68' title='bbox 1100 829 1158 868; x_wconf 85' lang='lat'>14.</span> <span class='ocrx_word' id='word_1_69' title='bbox 1186 826 1267 880; x_wconf 86' lang='lat'><strong>17.)</strong></span> <span class='ocrx_word' id='word_1_70' title='bbox 1299 830 1474 878; x_wconf 79' lang='lat' dir='ltr'>neglexit</span> 
     </span>
    </p>
   </div>
   <div class='ocr_carea' id='block_1_3' title="bbox 143 900 1129 998">
    <p class='ocr_par' dir='ltr' id='par_1_3' title="bbox 143 900 1129 998">
     <span class='ocr_line' id='line_1_12' title="bbox 143 900 366 928; baseline -0.009 0"><span class='ocrx_word' id='word_1_71' title='bbox 143 900 366 928; x_wconf 85' lang='lat' dir='ltr'>caesuram:</span> 
     </span>
     <span class='ocr_line' id='line_1_13' title="bbox 409 947 1129 998; baseline 0.001 -11"><span class='ocrx_word' id='word_1_72' title='bbox 409 947 648 998; x_wconf 83' lang='lat' dir='ltr'>Spectandus</span> <span class='ocrx_word' id='word_1_73' title='bbox 675 948 717 985; x_wconf 91' lang='lat' dir='ltr'>in</span> <span class='ocrx_word' id='word_1_74' title='bbox 742 948 950 987; x_wconf 78' lang='lat' dir='ltr'>certamine</span> <span class='ocrx_word' id='word_1_75' title='bbox 976 949 1129 989; x_wconf 83' lang='lat' dir='ltr'>Martio.</span> 
     </span>
    </p>
   </div>
   <div class='ocr_carea' id='block_1_4' title="bbox 142 1011 1186 1121">
    <p class='ocr_par' dir='ltr' id='par_1_4' title="bbox 142 1011 1186 1121">
     <span class='ocr_line' id='line_1_14' title="bbox 142 1011 624 1062; baseline -0.008 -11"><span class='ocrx_word' id='word_1_76' title='bbox 142 1012 243 1051; x_wconf 89' lang='lat' dir='ltr'>Nam</span> <span class='ocrx_word' id='word_1_77' title='bbox 268 1011 331 1051; x_wconf 87' lang='lat' dir='ltr'>od.</span> <span class='ocrx_word' id='word_1_78' title='bbox 357 1011 395 1062; x_wconf 86' lang='lat'>3,</span> <span class='ocrx_word' id='word_1_79' title='bbox 420 1012 456 1048; x_wconf 82' lang='lat'>2.</span> <span class='ocrx_word' id='word_1_80' title='bbox 482 1022 539 1048; x_wconf 76' lang='lat' dir='ltr'>vs,</span> <span class='ocrx_word' id='word_1_81' title='bbox 564 1011 624 1048; x_wconf 87' lang='lat'>30.</span> 
     </span>
     <span class='ocr_line' id='line_1_15' title="bbox 407 1071 1186 1121; baseline 0.003 -12"><span class='ocrx_word' id='word_1_82' title='bbox 407 1072 618 1119; x_wconf 84' lang='lat' dir='ltr'>Neglectus</span> <span class='ocrx_word' id='word_1_83' title='bbox 643 1071 792 1110; x_wconf 86' lang='lat' dir='ltr'>incesto</span> <span class='ocrx_word' id='word_1_84' title='bbox 818 1072 968 1110; x_wconf 82' lang='lat' dir='ltr'>addidit</span> <span class='ocrx_word' id='word_1_85' title='bbox 993 1072 1186 1121; x_wconf 84' lang='lat' dir='ltr'>integrum</span> 
     </span>
    </p>
   </div>
   <div class='ocr_carea' id='block_1_5' title="bbox 142 1134 963 1185">
    <p class='ocr_par' dir='ltr' id='par_1_5' title="bbox 142 1134 963 1185">
     <span class='ocr_line' id='line_1_16' title="bbox 142 1134 963 1185; baseline 0.001 -13"><span class='ocrx_word' id='word_1_86' title='bbox 142 1134 192 1172; x_wconf 84' lang='lat' dir='ltr'>ab</span> <span class='ocrx_word' id='word_1_87' title='bbox 217 1134 306 1185; x_wconf 87' lang='lat' dir='ltr'>ipsa</span> <span class='ocrx_word' id='word_1_88' title='bbox 330 1134 492 1172; x_wconf 85' lang='lat' dir='ltr'>elisione</span> <span class='ocrx_word' id='word_1_89' title='bbox 518 1134 808 1173; x_wconf 81' lang='lat' dir='ltr'>excusationem</span> <span class='ocrx_word' id='word_1_90' title='bbox 833 1134 963 1173; x_wconf 80' lang='lat' dir='ltr'>habet.</span> 
     </span>
    </p>
   </div>
   <div class='ocr_carea' id='block_1_6' title="bbox 139 1256 1476 1484">
    <p class='ocr_par' dir='ltr' id='par_1_6' title="bbox 139 1256 1476 1484">
     <span class='ocr_line' id='line_1_17' title="bbox 241 1256 1476 1307; baseline 0.002 -13"><span class='ocrx_word' id='word_1_91' title='bbox 241 1256 526 1294; x_wconf 69' lang='lat' dir='ltr'>omnus</span> <span class='ocrx_word' id='word_1_92' title='bbox 552 1259 819 1297; x_wconf 69' lang='lat' dir='ltr'>xxxvtn.</span> <span class='ocrx_word' id='word_1_93' title='bbox 836 1258 1060 1307; x_wconf 69' lang='lat' dir='ltr'>„Persicos</span> <span class='ocrx_word' id='word_1_94' title='bbox 1083 1258 1177 1297; x_wconf 59' lang='lat' dir='ltr'>odi„</span> <span class='ocrx_word' id='word_1_95' title='bbox 1202 1269 1345 1296; x_wconf 85' lang='lat' dir='ltr'>annum</span> <span class='ocrx_word' id='word_1_96' title='bbox 1360 1260 1476 1297; x_wconf 79' lang='lat' dir='ltr'>nata-</span> 
     </span>
     <span class='ocr_line' id='line_1_18' title="bbox 141 1319 1473 1369; baseline 0.002 -13"><span class='ocrx_word' id='word_1_97' title='bbox 141 1319 219 1356; x_wconf 88' lang='lat' dir='ltr'>lem</span> <span class='ocrx_word' id='word_1_98' title='bbox 244 1319 316 1357; x_wconf 88' lang='lat' dir='ltr'>soli</span> <span class='ocrx_word' id='word_1_99' title='bbox 340 1321 531 1357; x_wconf 82' lang='lat' dir='ltr'>noverunt</span> <span class='ocrx_word' id='word_1_100' title='bbox 555 1320 712 1358; x_wconf 86' lang='lat' dir='ltr'>Kirchn.</span> <span class='ocrx_word' id='word_1_101' title='bbox 748 1321 789 1355; x_wconf 89' lang='lat' dir='ltr'>et</span> <span class='ocrx_word' id='word_1_102' title='bbox 815 1320 982 1369; x_wconf 84' lang='lat' dir='ltr'>Grotef.‚</span> <span class='ocrx_word' id='word_1_103' title='bbox 1019 1331 1182 1368; x_wconf 89' lang='lat' dir='ltr'><strong>quorum</strong></span> <span class='ocrx_word' id='word_1_104' title='bbox 1215 1321 1279 1358; x_wconf 83' lang='lat' dir='ltr'>ille</span> <span class='ocrx_word' id='word_1_105' title='bbox 1314 1321 1355 1358; x_wconf 89' lang='lat' dir='ltr'>in</span> <span class='ocrx_word' id='word_1_106' title='bbox 1388 1321 1473 1361; x_wconf 84' lang='lat' dir='ltr'>tab..</span> 
     </span>
     <span class='ocr_line' id='line_1_19' title="bbox 140 1380 1466 1432; baseline 0.002 -14"><span class='ocrx_word' id='word_1_107' title='bbox 140 1380 222 1418; x_wconf 88' lang='lat' dir='ltr'>chr.</span> <span class='ocrx_word' id='word_1_108' title='bbox 246 1380 289 1418; x_wconf 90' lang='lat' dir='ltr'>id</span> <span class='ocrx_word' id='word_1_109' title='bbox 313 1392 415 1418; x_wconf 86' lang='lat' dir='ltr'>anno</span> <span class='ocrx_word' id='word_1_110' title='bbox 441 1381 539 1432; x_wconf 62' lang='lat'>729„</span> <span class='ocrx_word' id='word_1_111' title='bbox 566 1380 629 1418; x_wconf 88' lang='lat' dir='ltr'>hic</span> <span class='ocrx_word' id='word_1_112' title='bbox 646 1392 684 1430; x_wconf 92' lang='lat' dir='ltr'>p.</span> <span class='ocrx_word' id='word_1_113' title='bbox 702 1381 786 1418; x_wconf 86' lang='lat'>469.</span> <span class='ocrx_word' id='word_1_114' title='bbox 800 1380 964 1432; x_wconf 40' lang='lat' dir='ltr'>b.2anno</span> <span class='ocrx_word' id='word_1_115' title='bbox 991 1381 1073 1419; x_wconf 82' lang='lat'>725.</span> <span class='ocrx_word' id='word_1_116' title='bbox 1099 1382 1321 1429; x_wconf 85' lang='lat' dir='ltr'>assignavit.</span> <span class='ocrx_word' id='word_1_117' title='bbox 1347 1382 1466 1431; x_wconf 75' lang='lat' dir='ltr'>Equi⁴</span> 
     </span>
     <span class='ocr_line' id='line_1_20' title="bbox 139 1441 1403 1484; baseline 0.002 -5"><span class='ocrx_word' id='word_1_118' title='bbox 139 1441 230 1480; x_wconf 89' lang='lat' dir='ltr'>dem</span> <span class='ocrx_word' id='word_1_119' title='bbox 254 1441 297 1480; x_wconf 88' lang='lat' dir='ltr'>in</span> <span class='ocrx_word' id='word_1_120' title='bbox 320 1442 383 1480; x_wconf 86' lang='lat' dir='ltr'>his</span> <span class='ocrx_word' id='word_1_121' title='bbox 407 1442 579 1481; x_wconf 85' lang='lat' dir='ltr'>tenebris</span> <span class='ocrx_word' id='word_1_122' title='bbox 604 1443 661 1481; x_wconf 79' lang='lat' dir='ltr'>nil</span> <span class='ocrx_word' id='word_1_123' title='bbox 685 1452 813 1480; x_wconf 76' lang='lat' dir='ltr'>cerno,</span> <span class='ocrx_word' id='word_1_124' title='bbox 862 1442 945 1482; x_wconf 86' lang='lat' dir='ltr'>Nec</span> <span class='ocrx_word' id='word_1_125' title='bbox 971 1443 1070 1482; x_wconf 84' lang='lat' dir='ltr'>scire</span> <span class='ocrx_word' id='word_1_126' title='bbox 1095 1444 1154 1482; x_wconf 79' lang='lat' dir='ltr'>fas</span> <span class='ocrx_word' id='word_1_127' title='bbox 1178 1445 1242 1483; x_wconf 84' lang='lat' dir='ltr'>est</span> <span class='ocrx_word' id='word_1_128' title='bbox 1265 1443 1403 1484; x_wconf 84' lang='lat' dir='ltr'>omnia.</span> 
     </span>
    </p>
   </div>
  </div>
 </body>
</html>
