1643 2959
604 190 886 234 —165—

610 323 661 331 —
685 324 736 330 —
761 302 846 350 quis
873 301 943 338 sub
971 301 1087 338 Arcto

480 363 565 400 Rex
591 363 740 410 gelidae
766 364 958 400 metuatur
984 373 1087 411 orae,

281 423 383 468 Quid
408 424 628 461 Teridatem
655 426 810 474 terreat,
838 423 949 460 unice

280 486 454 522 Securus.

80 546 143 583 Ex
169 546 229 582 his
254 546 376 594 liquet
401 556 555 583 carmen
581 546 766 594 scriptum
792 557 878 585 esse
905 558 938 584 a.
968 546 1050 583 729.
1091 545 1309 594 Respieitur
1335 555 1401 592 ap-

79 608 236 654 paratus
261 608 367 657 belli,
394 607 496 655 quod
522 609 703 657 expulsus
728 608 912 644 Phraates
939 618 1016 643 una
1034 618 1120 644 cum
1137 606 1287 654 Scythis
1314 615 1402 642 con-

81 670 140 704 tra
166 668 387 705 Teridatem
410 679 541 714 regem
568 669 738 716 suscepit
765 665 833 721 (cf.
862 668 911 705 ad
937 668 998 705 od.
1027 669 1064 718 3,
1090 665 1161 720 8.).
1205 668 1304 705 Τι1111
1330 666 1402 712 igi-

79 730 142 764 tur
168 730 207 765 et
232 729 308 777 ipsi
333 729 486 778 Parthi,
531 740 692 776 quorum
725 740 934 777 permagna
966 741 1056 777 pars
1091 728 1265 766 Teridati
1298 729 1401 764 fave-

76 789 165 838 bat,
207 790 432 826 metuebant
472 799 604 834 regem
642 790 778 836 plagae
816 790 982 826 Arctoae
1023 791 1059 827 11.
1101 802 1134 826 e.
1176 789 1402 836 Scytharum

76 859 215 895 magno
241 860 327 886 eum
354 849 526 885 exercitu
552 848 938 898 appropinquantem,
966 851 1005 885 et
1031 850 1234 886 Teridates
1254 859 1402 885 summo

74 911 116 946 in
149 910 287 947 timore
322 909 568 959 versabatur,
608 920 657 946 ne
697 920 816 956 regno
857 910 1126 957 depelleretur.
1179 910 1308 957 Atque
1347 909 1403 945 ita

75 970 157 1017 ejus
192 971 308 1007 timor
342 971 528 1008 adauctus
564 973 644 1020 est,
686 973 730 1006 ut
763 970 805 1006 in
838 971 1066 1019 Hispaniam
1101 971 1150 1007 ad
1184 971 1403 1016 Augustum

73 1032 297 1080 profugerit.
350 1032 434 1068 Hoc
460 1033 603 1068 sactum
637 1042 737 1068 anno
765 1031 873 1081 729.‚
909 1034 952 1068 ut
986 1034 1094 1080 patet
1120 1044 1141 1068 e
1167 1032 1309 1068 Justin.
1338 1030 1400 1080 42,

72 1094 108 1129 5.
140 1091 180 1143 ξ.
216 1093 251 1128 6.
292 1089 350 1143 (ν.
386 1103 503 1140 supra
536 1104 573 1140 p.
612 1089 732 1144 160.).
787 1094 951 1130 Carmen
984 1095 1113 1129 autem
1146 1092 1402 1130 Horatianum

73 1153 328 1201 compositum
363 1155 424 1189 est
448 1155 537 1189 aute
564 1154 693 1199 fugam
718 1154 934 1204 Teridatis,
971 1156 1074 1191 certe
1110 1156 1318 1201 antequam
1352 1152 1400 1189 de

72 1226 119 1252 ea
152 1214 310 1250 nuntius
345 1214 507 1250 Romam
541 1214 711 1262 perlatus
753 1216 865 1251 esset.
919 1215 1021 1261 Ergo
1060 1225 1138 1250 non
1177 1225 1278 1250 anno
1313 1213 1398 1250 730.

70 1275 344 1322 assignandum
371 1275 456 1324 erit,
483 1274 525 1311 id
543 1275 645 1323 quod
662 1277 837 1312 fecerunt
854 1276 1061 1326 Vanderb.,
1076 1276 1247 1325 Mitseh.,
1265 1276 1399 1324 Doer.,

69 1337 183 1374 Jahn.
211 1347 248 1384 p.
277 1336 385 1385 226.,
419 1336 575 1373 Passov.
611 1339 690 1373 not.
719 1337 804 1373 249.
833 1337 920 1387 alii,
958 1337 1027 1373 sed
1062 1349 1148 1374 cum
1183 1337 1331 1372 Grotef.
1361 1347 1397 1384 p.

71 1398 156 1434 472.
186 1408 295 1435 anno
322 1398 425 1434 729.
475 1398 598 1434 Prave
634 1399 839 1435 Massonus
875 1394 964 1450 (vit.
992 1399 1084 1436 Hor.
1113 1409 1150 1446 p.
1178 1398 1264 1433 224.
1293 1399 1333 1433 et
1358 1397 1399 1432 in

68 1459 159 1496 Jani
184 1459 314 1506 templ.
342 1470 417 1495 res,
445 1470 482 1506 p.
512 1459 595 1495 113.
622 1455 726 1512 not.)
754 1459 856 1508 Jani,
884 1459 1058 1508 Kirehn.,
1086 1459 1228 1506 aliique
1255 1468 1399 1494 annum

69 1520 154 1556 731.
182 1520 279 1556 odae
306 1520 474 1555 natalem
500 1519 738 1570 habuerunt,
774 1531 849 1568 quo
883 1521 1064 1557 metuerit
1090 1520 1314 1568 Teridates,
1348 1530 1399 1555 ne

67 1581 116 1618 ab
142 1581 318 1626 Augusto
344 1580 521 1616 Phraatis
547 1580 684 1626 legatis
712 1581 940 1618 traderetur.
994 1582 1079 1625 Quo
1106 1583 1279 1628 tempore
1305 1579 1397 1616 Par-

67 1642 126 1678 thi
164 1651 244 1678 non
283 1643 462 1688 poterant
502 1640 579 1677 diei
616 1643 789 1678 metuere
825 1642 1007 1692 Scythas3
1046 1653 1137 1679 nam
1167 1643 1398 1691 „Phraates

73 1704 167 1752 Cyre·
204 1703 333 1740 solio„
375 1700 454 1752 (od.
482 1702 528 1752 2,
555 1702 590 1738 2.
621 1701 700 1754 17.)
729 1702 812 1749 jam
847 1715 880 1740 a.
909 1704 994 1740 730.
1030 1703 1204 1740 redditus
1240 1704 1324 1738 erat
1358 1703 1397 1736 et

60 1764 263 1814 „Scythae
297 1765 396 1801 lamo
430 1762 717 1801 meditabantur
757 1775 858 1802 arca
897 1766 1043 1803 Cedere
1077 1764 1267 1812 campis.⁷⁷
1311 1759 1391 1812 (od.

67 1826 104 1875 3,
131 1825 166 1861 8.
194 1823 290 1876 24.)

167 1947 409 1983 cARMEN
425 1950 599 1986 xxlx.
619 1949 732 1998 „Ioci
757 1949 921 1999 ὂεαίι“.ς”2
949 1947 1051 1996 quod
1068 1947 1242 1996 plerique
1260 1957 1394 1984 omnes

66 2021 100 2046 a.
130 2009 213 2045 729.
242 2012 309 2045 aut
335 2010 419 2046 730.
457 2009 642 2058 seriptum
677 2012 898 2059 autumant,
945 2009 1124 2057 equidem
1171 2021 1257 2046 cum
1290 2010 1393 2045 Mas-

68 2081 161 2107 sono
187 2070 254 2106 vit.
282 2071 330 2106 H.
358 2082 395 2118 p.
423 2070 523 2120 201.,
552 2071 697 2107 Grotef.
726 2083 762 2119 p.
791 2071 875 2107 470.
894 2070 932 2107 b.
962 2073 1001 2107 et
1028 2071 1197 2107 Obbario
1222 2071 1264 2106 in
1282 2068 1392 2106 Seeb.

67 2131 179 2167 Jahn.
208 2131 247 2166 et
263 2130 385 2167 Klotz.
414 2132 539 2168 annal.
567 2132 641 2168 vol.
672 2132 731 2168 16.
751 2144 787 2180 p.
804 2133 863 2168 51.
891 2133 1017 2169 refero
1036 2132 1085 2168 ad
1112 2143 1145 2168 a.
1174 2131 1283 2180 727.,
1318 2140 1393 2177 quo

67 2191 263 2238 Augustus
290 2191 474 2228 adversus
510 2193 715 2229 Britannos
757 2195 796 2229 et
837 2193 988 2230 Arabes
1031 2193 1175 2228 bellum
1218 2190 1390 2239 parabat.

67 2253 141 2289 Dio
169 2254 274 2290 Cass.
303 2254 364 2303 53,
392 2253 452 2289 22.
481 2255 519 2290 et
545 2254 593 2290 29
620 2265 675 2302 sq.
704 2255 838 2291 Horat.
867 2254 929 2291 od.
959 2254 994 2304 1,
1022 2253 1081 2290 35.
1109 2253 1157 2289 29
1185 2263 1240 2300 sq.
1269 2252 1315 2288 cf.
1343 2250 1393 2287 ad

69 2312 129 2349 od.
157 2314 192 2364 1,
221 2314 279 2350 12.

168 2435 408 2478 cAnMnN
433 2437 584 2473 XXX·
620 2436 685 2485 „0
707 2437 868 2474 Venas»
894 2447 965 2485 per
990 2447 1112 2473 annos
1139 2436 1224 2473 729.
1244 2437 1282 2472 et
1306 2433 1390 2476 730.

68 2496 266 2534 exaratum
291 2499 363 2547 est,
391 2497 582 2545 siquidem
608 2497 771 2544 Glycera
797 2497 932 2535 eadem
959 2500 1031 2548 est,
1058 2497 1166 2545 cujus
1193 2508 1235 2533 se
1263 2505 1392 2532 amore
