1643 2959
688 208 980 250 *119—

361 317 571 365 Imperium
599 318 777 370 Oceano,
804 321 947 357 famam
974 321 1040 369 qui
1068 321 1250 357 terminat
1277 322 1408 372 astris,

361 380 514 429 Julius,
544 391 572 416 a
597 391 747 429 mayno
774 385 993 420 demissum
1018 393 1166 420 nomen
1190 384 1301 420 Julo.

159 441 296 490 Neque
331 452 423 477 vero
459 441 506 477 de
541 441 641 478 Jano
677 443 858 480 obserato
894 444 1037 492 tacuit,
1083 443 1173 480 sed:
1216 442 1404 493 „Dirae”
1444 444 1500 480 in-

159 503 244 550 quit
270 514 306 539 v.
334 503 442 539 293.:

558 586 609 593 —
635 568 751 603 dirae
773 564 884 612 ferro
912 571 950 604 et
975 567 1236 615 compayibus
1263 569 1389 605 arctis

363 627 615 665 claudentur
642 629 733 665 belli
754 633 909 675 portae.

157 685 306 729 Quodsi
332 687 453 733 igitur
479 689 620 737 satira,
657 689 704 725 de
741 699 817 736 qua
851 689 1021 738 agimus,
1057 691 1147 725 ante
1176 699 1345 736 pugnam
1366 690 1497 727 Actia·

155 759 239 784 cam
275 749 314 784 et
349 752 439 796 post
474 760 508 785 a.
545 749 630 785 720.
669 750 813 797 scripta
854 753 934 799 est,
979 749 1231 786 vehementer
1272 762 1410 788 vereor
1447 762 1497 788 ne

153 821 289 846 verum
315 809 458 846 viderit
487 809 735 858 Grotefend.,
773 810 839 856 qui
865 810 888 846 l.
918 810 941 846 l.
972 822 1058 846 eam
1086 813 1142 847 ad
1170 822 1265 848 mm.
1296 813 1399 849 722.
1426 824 1496 849 re-

152 870 262 920 tulit,
297 872 507 918 propterea
545 870 724 919 quidem,
761 870 866 918 quod
901 871 1200 919 praecedentem
1234 873 1431 919 exceperit
1459 875 1498 909 et

151 932 406 968 antecesserit
432 932 608 979 proxime
637 934 875 980 sequentem.
929 932 1168 980 Improbavit
1203 931 1276 969 hoe
1304 933 1498 970 Obbarius

149 991 192 1029 in
219 992 383 1029 Seebod.
412 993 526 1030 Jahn.
556 996 595 1030 et
621 994 745 1030 Klotz.
774 993 901 1030 annal.
930 994 1005 1032 vol.
1044 995 1101 1030 15.
1130 1005 1168 1042 p.
1197 994 1282 1044 62.7
1314 995 1497 1031 nimirum

149 1053 301 1100 vulgari
329 1054 546 1091 adhaerens
574 1055 771 1104 opinioni,
800 1067 850 1092 ex
876 1066 953 1103 qua
983 1056 1141 1091 satiram
1169 1058 1258 1103 post
1292 1067 1380 1092 ann.
1409 1056 1494 1093 723.

149 1117 275 1151 ortam
302 1117 488 1152 statuunt.
542 1116 601 1153 Ita
628 1116 839 1153 Weichert.
868 1128 905 1164 p.
934 1117 1002 1153 rel.
1030 1128 1068 1164 p.
1097 1117 1182 1153 346.
1211 1119 1291 1153 not.
1322 1117 1381 1153 11.
1410 1128 1496 1154 eam

148 1187 182 1213 a.
211 1176 320 1226 726.‚
348 1177 506 1214 Passov.
535 1180 617 1214 not.
648 1178 731 1214 146.
762 1181 802 1214 et
828 1178 985 1215 Kirchn.
1023 1178 1102 1215 tab.
1140 1178 1219 1215 chr.
1249 1190 1283 1215 a.
1312 1178 1396 1215 725.
1426 1177 1494 1215 ad-

148 1237 399 1287 scripserunt.
427 1259 479 1267 —
529 1239 732 1276 Heindorf.
762 1251 798 1287 p.
828 1240 913 1276 370.
943 1251 976 1277 a.
1007 1240 1210 1277 719-21,

246 1359 467 1397 SATmA
498 1361 580 1397 vl.
625 1363 747 1411 „Hoc
783 1368 873 1400 erac
897 1365 942 1400 in
971 1363 1100 1400 votis„
1127 1357 1297 1398 aetatem
1325 1363 1384 1398 sat
1411 1373 1492 1398 cer-

145 1421 198 1457 tis
225 1421 379 1459 indiciis
407 1422 550 1470 prodit.
603 1423 746 1460 Narrat
782 1427 898 1471 poeta
939 1436 962 1460 a
1004 1436 1037 1460 v.
1071 1423 1130 1460 51.
1177 1433 1491 1471 unumquemque

146 1483 248 1533 fere,
276 1484 344 1531 qui
372 1484 448 1521 sibi
474 1484 613 1521 obvius
641 1484 713 1534 sit,
742 1496 792 1521 ex
819 1497 860 1522 se
889 1496 1076 1533 quaerere
1103 1485 1178 1520 ita:

615 1546 678 1594 „O
706 1546 806 1583 bone
834 1542 954 1597 (nam
980 1549 1019 1583 te

347 1606 475 1656 Scire,
505 1606 598 1643 deos
626 1608 809 1654 quoniam
835 1609 997 1655 propius
1025 1608 1240 1656 contingis,
1269 1604 1444 1660 oportet)

346 1670 557 1716 Numquid
583 1670 632 1705 de
649 1669 777 1705 Dacis
804 1664 985 1706 audisti?
1013 1669 1106 1718 „Nil
1124 1669 1344 1716 equidem.”
1380 1668 1430 1707 Ut
1449 1670 1490 1706 tu

347 1730 508 1777 Semper
535 1730 612 1765 eris
641 1729 809 1766 derisor!
851 1731 933 1780 „At
958 1741 1093 1766 omnes
1111 1731 1163 1767 Di
1187 1731 1386 1776 exagitent
1411 1740 1487 1779 me,

345 1791 385 1828 Si
413 1791 657 1838 qfflcquamff'
702 1789 833 1834 Quid'e
851 1793 1044 1828 mullibus
1058 1794 1260 1838 promissa
1276 1792 1489 1839 Triquetra

342 1853 525 1890 Praedia
556 1854 709 1890 Caesar
737 1865 791 1890 αη
819 1857 877 1890 est
902 1854 1011 1889 Itala
1038 1854 1183 1889 tellure
1210 1854 1384 1889 (laturus
1394 1846 1444 1889 ,2²⁷

142 1916 355 1953 Dacorum
382 1914 550 1962 mentio,
591 1924 691 1961 quae
727 1914 769 1949 in
805 1914 864 1949 his
901 1915 1005 1949 sacta
1040 1915 1121 1962 est,
1158 1913 1298 1960 probat
1327 1913 1486 1950 satiram

143 1976 261 2014 scribi
287 1987 366 2023 non
392 1975 567 2022 potuisse
596 1976 685 2010 ante
714 1975 828 2011 finem
855 1986 888 2011 a.
919 1974 1027 2023 723.‚
1057 1985 1133 2021 quo
1161 1975 1328 2021 primum
1344 1975 1484 2011 Roma-

141 2039 203 2075 nis
230 2049 317 2075 eum
343 2037 419 2074 illis
445 2047 509 2072 res
536 2036 619 2072 fuit.
672 2037 773 2073 Nam
799 2038 888 2072 ante
916 2047 1085 2085 pugnam
1110 2036 1311 2073 Actiacam
1337 2048 1361 2072 a
1389 2037 1484 2073 Cae-

142 2109 229 2136 sare
255 2099 353 2135 nihil
380 2109 527 2147 eorum,
557 2108 655 2144 quae
683 2109 754 2145 per
781 2099 929 2144 legatos
958 2098 1177 2147 petiissent,
1206 2097 1339 2145 adepti
1360 2097 1483 2134 Anto-

141 2160 208 2197 nio
236 2171 322 2197 sese
358 2159 589 2196 addixerant
625 2161 664 2195 et
700 2162 834 2196 contra
866 2160 1061 2196 Romanos
1097 2170 1204 2195 arma
1239 2160 1483 2207 sumpserant

140 2217 239 2275 (Dio
257 2223 319 2271 51,
346 2221 408 2258 22.
436 2223 529 2258 Hor.
557 2221 619 2257 od.
648 2221 693 2270 3,
721 2222 756 2258 6.
787 2222 833 2257 13
853 2217 944 2273 sq.).
1000 2221 1075 2257 Sed
1103 2232 1189 2257 cum
1215 2220 1292 2268 ipsi
1318 2220 1420 2257 inter
1438 2231 1479 2256 se

142 2283 396 2333 dissiderent,
432 2293 511 2319 non
543 2293 778 2331 magnopere
813 2283 1045 2329 adjuverunt
1071 2282 1307 2331 Antonium,
1349 2283 1480 2329 capto-

141 2355 301 2393 rumque
329 2344 487 2393 quidam
513 2356 600 2381 eum
618 2344 755 2380 Suevis
783 2344 967 2381 dimicare
996 2343 1119 2380 coacti
1147 2345 1236 2379 sunt
1250 2339 1349 2395 (Dio
1369 2343 1394 2379 1.
1413 2337 1476 2392 1.).

141 2404 367 2443 Manserunt
401 2408 532 2442 tamen
571 2405 755 2443 Romanis
791 2405 1044 2442 infestissimi.
1098 2405 1199 2442 Hine
1235 2406 1398 2452 factum,
1434 2403 1478 2437 ut

141 2464 311 2504 Antonio
337 2467 388 2504 ad
403 2468 562 2506 Actium
580 2468 761 2515 superato
779 2465 876 2512 jam
890 2471 1067 2504 eoeeunte
1086 2477 1197 2505 anno
1217 2467 1320 2504 723.
1347 2464 1475 2500 motus

144 2526 300 2565 cierent.
325 2530 427 2566 Nam
442 2530 619 2576 Augusto
628 2529 692 2566 1V.
712 2528 869 2564 consule
889 2529 913 2565 i.
925 2540 958 2565 e.
983 2528 1193 2565 ann0.724.
1229 2527 1282 2563 M.
1295 2526 1475 2563 Crassum

144 2598 230 2625 cum
254 2589 372 2628 Dacis
399 2593 440 2628 et
464 2590 665 2628 Bastarnis
690 2600 885 2639 pugnasse
905 2590 1049 2627 diserte
1066 2588 1247 2638 perhibet
1262 2586 1339 2625 Dio
1367 2586 1474 2625 Cass.
