1643 2959
647 870 800 948 Cap.
854 872 975 929 III.

592 1001 648 1035 De
683 1002 844 1044 epodon
880 1004 1038 1034 aetate.

145 1179 208 1236 In
234 1192 462 1231 ordinandis
489 1192 627 1240 epodis
653 1194 858 1230 Horatium
884 1191 1086 1241 probabile
1112 1194 1174 1229 est
1189 1194 1402 1229 metrorum
1426 1203 1488 1230 ra·

146 1255 295 1293 tionem
320 1254 516 1292 habuisse.
572 1255 686 1292 Certe
722 1255 822 1292 hanc
862 1254 911 1291 ob
951 1265 1129 1291 caussam
1167 1254 1303 1291 decem
1336 1254 1488 1302 priores

140 1317 257 1364 Juxta
284 1328 326 1354 se
351 1316 470 1364 positi
497 1327 583 1352 esse
609 1316 802 1354 videntur.
842 1317 924 1354 Nec
950 1316 992 1352 in
1018 1316 1079 1352 his
1105 1326 1233 1364 neque
1258 1316 1301 1353 in
1325 1316 1487 1365 reliquis

147 1381 216 1416 aut
241 1379 511 1425 argumentum
537 1380 605 1415 aut
631 1380 801 1415 aetatem
826 1378 1016 1425 respexit.
1045 1378 1091 1415 cf.
1119 1378 1280 1416 Passov⁸
1298 1380 1380 1416 not.
1401 1378 1486 1416 183.

246 1500 476 1538 ΕΡΟΒΠΒ
509 1500 550 1537 1.
593 1502 710 1551 „Ibis
743 1502 977 1551 Liburnisv,
1004 1501 1074 1551 „in
1106 1512 1182 1550 quo
1218 1503 1488 1540 Maecenatem

147 1564 396 1613 prosequitur
422 1565 579 1599 euntem
605 1563 656 1600 ad
682 1564 826 1600 bellum
851 1563 987 1600 navale
1023 1575 1112 1600 cum
1137 1565 1316 1611 Augusto
1351 1564 1488 1601 adver-

147 1637 233 1663 sum
257 1625 474 1663 Antonium
487 1626 527 1661 et
543 1625 826 1675 Cleopatram²⁷‚
853 1628 898 1661 ut
924 1625 979 1661 ait
1005 1625 1136 1662 Acron
1162 1626 1213 1663 ad
1229 1638 1267 1664 v.
1287 1627 1337 1677 1.,
1356 1626 1488 1663 medio

147 1689 228 1725 fere
254 1698 291 1725 a.
318 1686 405 1724 723.
432 1686 668 1735 compositus
696 1689 767 1724 est.
821 1688 918 1724 Cum
951 1687 1056 1723 enim
1093 1688 1237 1725 Caesar
1270 1691 1310 1725 et
1342 1688 1488 1726 milites

147 1759 283 1785 omnes
310 1750 350 1785 et
375 1759 467 1785 vero
495 1748 613 1785 etiam
639 1750 839 1786 senatores
867 1750 907 1785 et
932 1752 1128 1798 equestris
1153 1749 1354 1796 dignitatis
1380 1749 1487 1787 viros

148 1809 400 1847 Brundisium
447 1811 670 1860 evocasset,
717 1807 809 1856 τοὺς
841 1809 934 1859 μὲν,
977 1808 1086 1856 ὅπως
1119 1824 1159 1848 τι
1193 1809 1488 1862 συμπράξωσιν

147 1869 281 1921 αὐτῷ,
316 1869 409 1918 τοὺς
436 1868 494 1918 δ’,
530 1870 642 1917 ὅπως
667 1868 790 1920 μηδὲν
815 1871 1067 1920 μονωθέντες
1100 1874 1383 1922 νεοχμώσωσι.
1418 1873 1486 1919 τό,

148 1945 190 1970 τε
215 1934 421 1982 μέγιστον,
457 1930 569 1978 ὅπως
602 1929 819 1980 ἐνδείξηται
854 1934 936 1978 τοῖς
962 1932 1218 1984 ἀνθρώποις,
1253 1932 1315 1972 ὅτι
1348 1936 1415 1973 καί
1441 1932 1486 1973 τὸ

148 1994 336 2032 πλεῖστον
361 1995 427 2031 καῖ
445 1991 490 2031 τὸ
508 1993 720 2045 κράτιστον
737 1993 816 2031 τῶν
829 1993 1044 2043 “Ρωμαι’ων
1071 1993 1380 2045 ὁμογνωμονοῦν
1404 1996 1488 2048 ἔχοι

149 2052 248 2108 (Dio
274 2057 344 2105 50,
374 2052 478 2108 IL),
520 2055 637 2092 etiam
675 2056 881 2093 Maecenas
923 2068 969 2093 eo
1006 2068 1047 2093 se
1082 2059 1292 2095 contulisse
1319 2059 1485 2096 videtur.

147 2118 248 2155 Nam
274 2117 379 2165 quod
406 2129 428 2154 a
455 2117 680 2154 Scholiastis
707 2121 888 2155 narratur
901 2119 1084 2156 Liburnis
1101 2120 1349 2168 praepositus
1366 2121 1486 2158 fuisse

147 2175 327 2232 (Acrom
366 2179 416 2216 ad
452 2179 642 2216 actiacum
674 2179 819 2217 bellum
850 2181 976 2217 iturus
1013 2182 1157 2218 Caesar
1188 2182 1388 2228 Augustus
1422 2182 1488 2220 Li-

137 2241 282 2278 burnis
308 2241 537 2289 praeposuit
562 2241 843 2279 Maecenatem.
888 2243 1006 2292 Cruq.
1033 2243 1082 2279 ad
1107 2254 1144 2280 V.
1174 2243 1231 2279 L:
1259 2243 1308 2280 ad
1333 2244 1487 2282 Maece-

148 2305 299 2352 natem,
335 2303 403 2351 qui
436 2313 590 2339 omnem
623 2304 801 2341 militiam
836 2304 1014 2342 Caesaris
1047 2304 1278 2341 naumachia
1303 2306 1328 2342 i.
1358 2318 1391 2343 e.
1419 2318 1488 2344 na-

149 2365 226 2401 vali
252 2365 400 2414 proelio
427 2365 674 2402 ordinaturus
689 2365 1004 2414 proficiscebatur
1021 2366 1071 2402 ad
1088 2366 1232 2403 bellum
1246 2366 1486 2421 actiacum),

151 2425 192 2461 id
214 2427 467 2464 vehementer
493 2437 629 2463 vereor
654 2438 703 2463 ne
732 2428 939 2464 commenti
965 2428 1043 2465 sint
1068 2428 1119 2465 ob
1145 2440 1181 2465 v.
1211 2429 1246 2467 1.
1289 2430 1355 2467 Nil
1381 2431 1488 2466 certe

152 2485 224 2523 hac
250 2487 296 2524 de
322 2500 365 2525 re
392 2489 582 2528 historici.
619 2489 695 2526 Sed
719 2491 808 2526 utut
833 2490 906 2527 hoc
933 2492 1006 2540 est,
1035 2490 1205 2528 dubitari
1230 2491 1367 2538 nequit
1393 2491 1487 2538 quin

152 2547 357 2587 Maecenas
384 2551 533 2599 ceperit
559 2551 716 2599 quidem
742 2552 946 2589 consilium
979 2552 1020 2589 in
1045 2541 1190 2590 bellum
1215 2554 1394 2600 paratum
1419 2552 1485 2590 ab·

153 2609 285 2659 eundi,
311 2621 384 2649 nec
408 2614 538 2651 tamen
564 2613 772 2661 peregerit.
825 2614 926 2653 Nam
952 2625 999 2652 eo
1025 2614 1112 2662 ipso
1139 2615 1312 2662 tempore
1339 2613 1484 2652 Romae
