1643 2959
0 303 3 389 1
159 341 389 380 ΕΡΟΒἩΒ
416 342 544 380 vlu.
594 345 786 396 „Royare
819 347 968 395 lon90‘2
1001 346 1134 384 neseio
1169 358 1219 385 an
1253 348 1315 384 vel
1342 348 1391 385 ob

1 411 2 414 ’
59 403 284 454 pudendam
310 405 579 457 proterviam,
615 417 693 455 qua
719 417 814 444 usus
841 409 901 444 est
927 409 1065 458 poeta,
1092 407 1143 445 ad
1169 409 1393 458 antiquissi-

58 477 142 503 mos
170 467 399 505 referendus
427 467 490 504 sit.
544 468 720 516 Scriptus
756 469 911 506 videtur
946 480 1034 507 esse
1071 470 1142 507 sub
1169 469 1211 507 id
1238 473 1391 520 tempus

0 539 1 546 ¹
57 538 133 576 quo
160 529 282 565 satira
306 530 346 579 Ι,
384 529 443 578 2.,
472 539 564 575 ergo
592 541 625 566 a.
655 530 740 566 714.
793 531 893 568 Nam
920 530 1092 579 permira
1116 530 1219 568 inter
1243 534 1391 570 utrum-

0 624 1 643 :
56 599 131 637 que
166 601 305 638 poema
339 590 548 627 intercedit
583 590 796 628 similitudo
824 591 1076 638 singulorum.
1106 594 1153 630 cf.
1181 593 1259 631 Sat.
1289 595 1324 644 1,
1353 595 1389 631 2.

54 650 115 687 81.
145 654 184 687 et
212 652 324 701 epod.
353 652 390 702 8,
421 653 479 689 13.
500 673 552 680 -
578 653 656 689 Sat.
684 664 721 689 v.
751 653 810 690 70.
840 655 879 690 et
907 665 966 701 ep.
997 666 1033 690 v.
1064 653 1122 691 11.
1143 676 1193 683 --
1221 656 1298 693 Sat.
1327 655 1387 693 86.

54 713 94 747 et
121 713 233 760 epod.
262 725 298 751 v.
327 713 361 750 8.
392 716 464 750 etc.
493 735 544 742 —
578 714 736 752 Kirchn.
767 726 802 763 q.
832 712 868 766 §.
898 716 958 752 46.
988 726 1025 764 p.
1056 715 1139 752 25.:
1168 717 1253 754 715.
1293 719 1390 755 Gro-

54 774 118 809 tef.
147 784 185 822 p.
216 775 300 811 461.
330 786 387 811 a.:
415 774 500 811 716.

150 895 382 933 tronus
416 895 501 933 lx-
546 897 755 947 „Quando
788 897 1022 944 repostum³>
1055 897 1097 934 in
1131 898 1205 936 fine
1241 910 1275 936 a.
1303 901 1387 938 723.

52 958 291 1006 compositus
323 961 405 1008 est,
442 969 530 996 cum
563 958 713 1007 primus
750 957 798 994 de
832 958 994 995 Actiaca
1029 958 1195 997 victoria
1228 962 1388 999 nuntius

48 1019 210 1056 Romam
245 1021 418 1068 perlatus
454 1022 573 1056 esset.
610 1031 647 1056 v.
689 1020 722 1056 1.
760 1022 799 1055 et
834 1019 869 1056 2.
909 1020 968 1057 17.
998 1021 1058 1057 37.
1096 1021 1184 1058 Sex.
1212 1021 1389 1071 Pompeji

48 1092 151 1118 anno
178 1082 263 1118 718.
293 1081 436 1118 devicti
462 1081 609 1117 mentio
635 1081 678 1116 fit
697 1093 732 1117 v.
762 1080 785 1117 8
813 1092 894 1131 sq.;
923 1081 1065 1118 deinde
1092 1082 1134 1118 in
1158 1083 1386 1136 Antonium,

47 1143 113 1190 qui
141 1143 285 1180 oblitus
313 1154 438 1191 paene
466 1143 665 1179 Romanae
696 1143 852 1179 virtutis
889 1143 1058 1191 turpiter
1085 1155 1127 1180 se
1157 1145 1386 1194 Cleopatrae

46 1205 371 1254 emancipaverit,
402 1204 722 1251 indignabundus
750 1203 970 1254 invehitur>
999 1205 1056 1241 ita
1073 1207 1216 1256 tamen,
1243 1210 1287 1243 ut
1314 1208 1386 1245 toti

45 1265 159 1302 simu]
186 1266 269 1312 ejus
298 1266 487 1302 exercitui
517 1266 659 1314 probro
688 1266 767 1315 det,
796 1265 901 1315 quod
929 1266 1002 1303 soli
1020 1267 1193 1304 Antonio
1211 1268 1385 1306 tribuen-

44 1326 136 1363 dum
162 1328 255 1377 fuit,
284 1339 319 1364 v.
351 1327 535 1364 11—15:

245 1391 458 1427 Romanus
485 1388 613 1427 eheu!
635 1392 788 1437 posteri
813 1390 1036 1439 neyabilis‚

309 1452 607 1498 Emona-ipatus
631 1450 814 1497 feminae
819 1479 835 1501 2

243 1513 339 1549 Fert
362 1515 520 1550 vallum
546 1517 584 1550 ec
610 1523 730 1549 arma
756 1515 870 1550 miles
873 1541 890 1562 2
918 1518 956 1551 ec
979 1515 1232 1562 spadonibus

307 1575 469 1610 Servire
493 1576 655 1622 rnyosr's
678 1572 831 1621 potest!

42 1635 139 1671 Cum
166 1635 292 1672 fructu
319 1635 440 1685 logos,
471 1646 570 1683 quae
600 1636 757 1683 scripsit
783 1635 860 1672 Dio
890 1637 998 1673 Cass.
1019 1637 1080 1686 50,
1109 1638 1143 1673 5.
1164 1637 1223 1673 24.
1253 1637 1313 1675 25.
1332 1659 1382 1667 —-

40 1698 86 1733 cf.
123 1697 242 1733 Mass.
281 1697 350 1733 vit.
387 1708 424 1745 p.
465 1697 545 1733 146.
585 1697 744 1733 Kirchn.
783 1708 821 1744 p.
860 1697 920 1733 21.
961 1699 1107 1735 Grotcf.
1145 1709 1182 1746 p.
1223 1699 1308 1736 466.
1345 1711 1378 1737 a.

39 1757 189 1794 Weich.
219 1758 267 1794 de
294 1759 382 1795 Var.
413 1760 454 1794 ct
482 1760 522 1796 C.
550 1769 588 1807 p.
618 1759 703 1795 372.

137 1879 367 1918 tronus
401 1881 462 1917 X·
514 1883 668 1933 „Mala
705 1883 869 1920 soluta·>
908 1882 949 1919 in
988 1882 1185 1919 Maevium
1223 1885 1378 1930 poetam

37 1942 206 1990 scriptus
232 1943 377 1979 nullam
405 1944 546 1980 aetatis
580 1946 715 1980 notam
750 1943 936 1980 continet.
997 1944 1034 1979 A
1067 1942 1292 1980 W'eicherto
1319 1947 1377 1982 ta-

35 2015 126 2042 men
162 2005 202 2040 in
239 2006 340 2052 poet.
377 2005 446 2041 rel.
482 2016 521 2052 p.
558 2005 645 2042 317.
682 2005 903 2050 assignatur
938 2015 973 2041 a.
1011 2004 1120 2054 723.;
1156 2015 1180 2040 a
1215 2005 1374 2044 Kirchn.

36 2068 186 2113 quaest.
225 2078 262 2113 p.
300 2067 360 2103 23.
399 2064 435 2116 ξ.
474 2067 534 2103 43.
564 2078 597 2103 a.
627 2067 737 2115 720.3
774 2077 797 2102 3
825 2067 973 2103 Grotes.
1010 2077 1048 2113 p.
1087 2065 1171 2102 461.
1209 2077 1243 2102 a.
1273 2077 1375 2104 anno

35 2128 120 2164 716.
147 2149 200 2155 —
251 2129 403 2171 Quotus
439 2131 570 2165 autem
614 2128 779 2176 quisque.
824 2123 984 2164 credet?
1044 2127 1237 2175 Equidem
1278 2128 1375 2166 nulli

35 2189 162 2225 credo.
206 2190 366 2227 Cautior
393 2192 454 2226 est
480 2191 636 2228 Passov.
665 2190 732 2228 vit.
752 2191 831 2225 not.
859 2188 942 2225 183.
986 2190 1046 2225 De
1065 2189 1227 2226 Maenio
1246 2189 1371 2227 Schol.

35 2250 146 2287 Ovid.
174 2251 230 2287 lb.
260 2251 344 2287 511.
375 2246 457 2304 (ed.
486 2252 648 2288 MerkeL
677 2262 714 2299 p.
745 2250 854 2303 471.)
890 2250 986 2286 haec
1020 2249 1196 2297 prodidit
1228 2260 1373 2288 memo-

34 2311 135 2348 riae:
180 2312 362 2362 „Mevius
398 2314 536 2362 poeta,
575 2313 665 2360 quia
700 2313 799 2349 male
838 2311 1045 2359 descripsit
1071 2311 1372 2348 Atheniensium

35 2374 164 2422 gesta,
192 2373 240 2410 31)
269 2374 325 2410 eis
353 2373 395 2410 in
422 2385 618 2411 carcerem
646 2374 797 2421 positus
826 2375 906 2422 est,
936 2372 1003 2409 ubi
1031 2383 1119 2409 eum
1144 2373 1245 2409 fame
1273 2374 1369 2409 mori

35 2434 209 2471 fecerunt
234 2437 274 2472 et
300 2435 420 2472 libros
448 2436 531 2481 e-Jus
560 2434 826 2471 deleverunt.'⁷

137 2555 364 2594 EPODUS
389 2557 474 2594 XI.
515 2558 652 2608 „Perti
684 2558 787 2594 nihil
817 2558 908 2595 me„
941 2557 1101 2594 biennio
1135 2558 1225 2604 post
1252 2556 1364 2604 epod.

35 2620 263 2666 sequentem
299 2621 479 2655 exaratus
518 2621 598 2667 ost,
642 2621 684 2653 ut
721 2622 827 2666 patet
864 2631 885 2654 e
922 2617 1208 2665 comparatione
1245 2628 1300 2653 vs.
1329 2617 1366 2654 5.

1033 2677 1091 2712 9*
