1643 2959
695 223 972 264 -194—

170 336 229 374 59.
259 338 299 373 et
322 347 360 384 p.
387 336 448 371 60.
477 332 513 382 ξ.
544 333 602 368 17.
632 343 666 368 a.
695 331 779 368 717.
809 331 996 377 scriptum
1023 340 1109 366 esse
1137 330 1404 381 conjecerunt,
1430 330 1496 366 ille

168 408 230 434 me
258 396 389 443 judice
422 391 661 441 probabilius
696 391 781 429 hoc.
836 391 911 428 Sed
951 391 1257 439 quotusquisque
1296 392 1390 442 erit,
1430 391 1496 440 qui

167 456 356 496 alteriutri
381 451 541 491 eredat2
566 475 616 481 —

268 576 508 614 GARMEN
533 575 658 613 XIV·
704 577 925 625 „Herculis
958 576 1066 613 ritu„
1103 575 1341 623 scriptumne
1377 574 1427 610 sit
1461 587 1496 611 a.

168 640 252 676 729.
280 640 464 684 vergente
491 649 541 674 an
567 637 681 674 initio
709 638 929 686 sequentis,
957 647 1036 673 non
1059 636 1159 672 nihil
1185 636 1330 682 ambigi
1356 635 1496 683 potest.

167 703 267 739 Nam
292 710 524 748 quamquam
549 699 754 736 manifesto
780 699 822 735 in
849 699 922 735 hoc
949 697 1135 745 temporis
1163 697 1332 746 spatium
1348 696 1498 746 incidit,

168 773 255 800 cum
282 761 511 799 Cantabrico
536 760 639 797 bello
665 762 839 797 confecto
866 760 914 796 (le
941 760 1117 805 Augusto
1135 769 1186 795 ex
1201 759 1392 807 Hispania
1410 768 1501 794 mox

169 823 340 860 redituro
366 823 529 860 Romam
562 822 732 869 perlatus
769 823 873 857 essct
906 821 1064 856 nuntius
1092 816 1161 871 (cf.
1190 820 1251 857 od.
1280 820 1324 869 3,
1352 817 1432 870 8.),
1459 818 1500 854 id

167 885 296 933 ipsum
321 886 452 921 tamen
479 883 632 930 quando
667 883 810 918 factum
846 882 897 918 sit
930 892 1009 917 non
1042 882 1176 928 liquet.
1230 880 1387 918 Etenim
1413 891 1500 916 cum

169 945 354 983 Cantabri
379 946 419 980 et
443 944 606 981 Astures
627 943 710 987 jam
735 943 848 978 initio
875 942 967 978 anni
994 941 1078 978 729.
1107 953 1130 978 a
1158 942 1251 988 Cajo
1269 941 1500 978 Antistio—

167 1007 366 1052 Augustus
393 1005 528 1040 morbo
555 1006 754 1051 correptus
782 1003 965 1039 decubuit
991 1003 1208 1039 Tarracone
1225 1024 1275 1030 —
1292 1002 1501 1050 perdomiti

169 1068 300 1104 essent
326 1062 424 1118 (Dio
451 1065 513 1114 53,
540 1064 599 1100 25.
630 1061 750 1108 Γάϊος
778 1059 819 1099 δὲ
841 1061 1063 1107 Ἀντίστιος
1093 1062 1429 1114 προσεπόλεμησὲ
1459 1075 1501 1100 τε

166 1125 302 1172 αὐτοῖς
326 1122 366 1163 ἓν
392 1125 539 1174 τούτῳ,
575 1126 639 1161 καὶ
675 1121 797 1174 συχνοὶ
830 1120 1177 1176 κατειργάσατο),
1222 1124 1305 1161 fieri
1331 1126 1499 1172 poterat,

167 1190 211 1225 ut
244 1187 382 1227 eodem
416 1197 516 1223 anno
551 1186 749 1232 Augustus
774 1207 825 1213 —
851 1186 916 1233 qui
952 1185 1001 1221 ab
1037 1196 1138 1222 anno
1165 1185 1250 1222 727.
1279 1186 1405 1222 Roma
1431 1185 1499 1222 ab·

167 1250 252 1287 erat
277 1244 376 1301 (Dio
403 1248 465 1297 53,
492 1244 578 1299 22.)
603 1268 654 1275 —
680 1249 719 1283 et
745 1246 912 1283 reditum
946 1249 1103 1294 pararet
1136 1249 1176 1282 et
1201 1247 1347 1283 Romae
1382 1247 1499 1282 etiam

167 1311 390 1346 narraretur
415 1309 591 1357 proxime
617 1307 812 1345 rediturus
840 1319 938 1344 esse.
984 1308 1204 1354 Augustum
1231 1308 1335 1344 enim
1360 1317 1500 1344 conva-

167 1371 287 1410 luisse
322 1372 362 1406 et
388 1373 554 1406 exeunte
590 1380 691 1406 anno
718 1369 802 1406 729.
831 1370 1049 1406 Tarracone
1085 1369 1300 1406 decessisse
1334 1368 1500 1417 patescit

168 1432 281 1482 inde,
310 1431 412 1480 quod
439 1433 617 1468 octavum
643 1432 792 1466 tantum
819 1433 858 1466 et
884 1441 1029 1466 nonum
1056 1431 1298 1467 consulatum
1324 1426 1432 1481 (728.
1461 1431 1500 1466 et

167 1490 276 1543 729.)
311 1493 385 1529 hac
418 1492 459 1528 in
493 1491 588 1528 urbe
626 1491 736 1540 iniit,
778 1493 971 1527 referente
1016 1492 1174 1528 Sueton.
1211 1493 1310 1538 Aug.
1346 1491 1406 1528 26.
1435 1491 1496 1527 fin.

168 1553 358 1597 Quocirca
401 1563 556 1590 carmen
598 1553 855 1590 Horatianum
892 1552 974 1598 jam
1008 1564 1042 1589 a.
1071 1553 1156 1589 729.
1201 1553 1318 1589 scribi
1361 1552 1498 1600 potuit.

168 1614 244 1650 Sed
277 1614 407 1661 potuit
441 1614 559 1650 etiam
592 1613 782 1661 proximo.
834 1614 935 1650 Nam
968 1615 1166 1659 Augustus
1203 1613 1330 1650 denuo
1364 1613 1500 1650 morbo

166 1676 377 1722 temptatus
404 1674 554 1710 decimo
581 1674 735 1710 demum
761 1675 961 1711 consulatu
987 1674 1012 1710 i.
1042 1685 1074 1711 e.
1101 1685 1202 1711 anno
1229 1675 1312 1712 730.
1338 1676 1500 1713 Romam

167 1735 284 1772 rediit
311 1732 408 1784 (Dio
436 1735 498 1783 53,
526 1731 610 1786 28.)
616 1763 632 1783 ,
666 1736 831 1771 fortasse
861 1737 1035 1784 aestate,
1072 1735 1106 1771 si
1133 1736 1294 1773 accedas
1320 1738 1500 1786 Nomio,

167 1795 301 1844 quiin
337 1796 550 1843 Cenotaph.
583 1795 710 1832 Pisan.
741 1807 777 1844 p.
807 1797 891 1834 260.
929 1808 978 1833 ex
1013 1797 1202 1845 particula
1235 1797 1499 1846 inscriptionis

165 1853 342 1908 (Gruter.
368 1857 484 1894 inscr.
511 1869 548 1904 p.
579 1855 869 1908 CCXXXJVQ:

366 1914 670 1970 .[NOR]BANO
698 1919 845 1955 FLAC.
875 1919 978 1958 COS.

431 1980 533 2017 EID.
560 1980 679 2017 IVIN.

365 2068 525 2078 .....
555 2040 754 2078 CAESAR
779 2041 1032 2080 VALETVD.

165 2111 243 2138 non
269 2101 368 2138 male
395 2101 559 2147 conjecit
574 2103 793 2148 Augustum
818 2101 873 2139 Id.
893 2104 980 2140 Jun.
999 2115 1031 2141 a.
1052 2103 1136 2142 730.
1155 2105 1418 2141 valetudinem
1435 2115 1494 2140 re-

167 2173 371 2209 cuperasse
390 2164 429 2198 et
445 2165 527 2198 tum
545 2162 698 2199 demum
715 2164 877 2200 Romam
900 2165 1121 2203 revertisse.
1163 2165 1372 2212 Postquam
1399 2164 1496 2201 abiit

169 2233 219 2260 ex
241 2223 444 2272 Hispania,
473 2223 655 2260 Cantabri
682 2226 722 2260 et
746 2225 910 2261 Astures
937 2225 1078 2261 iterum
1103 2227 1229 2261 motus
1256 2226 1495 2275 excitarunt3

167 2293 259 2320 mox
283 2285 414 2320 tamen
439 2295 463 2320 a
487 2284 532 2320 L.
559 2284 726 2321 Aemilio
753 2285 888 2322 domiti
915 2287 1005 2321 sunt
1031 2283 1129 2337 (Dio
1155 2286 1218 2335 53,
1246 2283 1342 2339 29.).
1391 2288 1495 2323 Ante

168 2343 210 2380 id
242 2345 394 2391 tempus
436 2355 591 2382 carmen
633 2348 833 2382 exaratum
875 2347 926 2382 sit
959 2357 1120 2383 necesse
1162 2349 1223 2384 est
1264 2344 1333 2399 (cf.
1360 2359 1394 2383 v.
1423 2345 1492 2399 4.).

168 2404 404 2452 Interpretes
430 2405 480 2440 ad
506 2417 624 2442 unum
650 2417 784 2444 omnes
810 2408 982 2443 referunt
1008 2407 1058 2444 ad
1083 2419 1118 2444 a.
1146 2408 1231 2445 730.
1258 2409 1304 2445 cf.
1322 2408 1492 2445 Masson.

169 2464 237 2501 vit.
264 2465 357 2501 Hor.
383 2476 420 2513 p.
446 2465 517 2501 217
547 2477 602 2513 sq.
631 2470 670 2503 et
703 2468 793 2504 Jani
828 2468 958 2516 templ.
991 2472 1150 2506 reserat.
1177 2481 1214 2518 p.
1242 2468 1303 2505 98.
1337 2469 1492 2506 Kirchn.

170 2527 318 2572 quaest.
351 2536 388 2573 p.
417 2526 475 2562 10.
509 2523 546 2576 ἓ.
574 2527 634 2563 21.
660 2538 697 2574 p.
725 2527 783 2564 28.
818 2526 855 2578 §.
884 2529 943 2565 53.
981 2531 1126 2566 Grotes.
1153 2541 1190 2578 p.
1218 2530 1302 2566 472.
1323 2541 1357 2567 a.
1407 2530 1495 2568 Non

169 2588 298 2623 tamen
325 2586 540 2624 audiendus
568 2587 813 2628 Sanadonus:
841 2589 1043 2639 „celle-ci
1069 2592 1195 2638 paroit
1221 2592 1313 2628 saite
1339 2593 1377 2629 Ie
1399 2591 1496 2638 jour
