1643 2959
659 241 944 284 —195—

132 351 263 392 me‘me
301 363 375 402 que
415 364 459 390 oe
497 353 631 402 prinee
672 353 801 391 arriva
837 353 860 391 a
893 352 1055 391 Rome.''
1107 354 1218 402 quasi
1250 355 1468 406 Horatium,

134 427 221 453 cum
246 416 446 461 Augustus
473 417 562 463 post
588 415 705 452 trium
731 426 920 452 annorum
947 415 1164 454 absentiam
1190 416 1325 454 urbem
1351 417 1470 455 intra-

134 479 209 527 ret,
236 477 339 514 intra
364 477 535 526 parietes
563 479 840 514 commoratum
868 489 953 515 esse
981 477 1191 514 verisimile
1217 478 1280 516 sit.

237 598 482 637 GARMEN
507 600 633 637 XVI-
676 603 921 654 „Inclusam
956 601 1164 638 Danaen„
1199 604 1353 639 constat
1385 605 1474 652 post

137 675 170 702 a.
198 663 283 701 722.
314 665 516 700 exaratum
542 675 650 714 esse,
679 663 784 712 quod
809 665 927 712 poeta
954 663 1086 700 villam
1105 662 1188 709 jam
1213 664 1390 711 possedit
1417 662 1475 717 (v.

136 726 186 762 25
213 721 303 778 sq.).
356 726 564 762 Praeterea
590 726 647 761 nil
682 725 730 762 de
765 727 893 762 aetate
931 725 1083 763 scimus.
1138 725 1314 763 Certiora
1347 728 1479 762 tamen

135 788 310 835 proferre
338 787 468 823 conati
503 789 593 822 sunt
631 785 832 822 Kirehner.
860 788 899 821 et
927 786 1098 836 Grotefi,
1140 797 1303 834 quorum
1337 787 1402 824 ille
1436 787 1480 824 in

137 848 217 884 tab.
243 848 323 884 chr.
349 847 464 883 odam
491 858 580 883 ann.
608 847 692 882 731.
722 846 951 894 adscripsit,
992 847 1055 883 hic
1091 843 1150 898 (p.
1180 849 1263 885 470.
1280 843 1338 900 a.)
1378 859 1480 885 anno

136 909 222 946 726.
274 910 419 946 Verum
452 907 614 955 insuper
649 907 732 954 ejus
767 908 883 944 finem
919 908 1064 944 Grotef.
1110 908 1166 944 ita
1210 909 1286 945 sibi
1326 908 1482 946 videtur

137 971 409 1020 perspexisse,
436 971 480 1006 ut
505 969 712 1006 Horatium
739 980 780 1005 se
808 979 994 1005 excusare
1029 969 1201 1006 voluisse
1229 969 1356 1020 dieat,
1395 982 1482 1008 eum

140 1032 394 1081 epistolarum
420 1031 588 1068 officium
614 1030 663 1067 ab
693 1029 907 1066 Octaviano
934 1030 1107 1068 oblatum
1132 1031 1384 1069 recusaverit.

243 1153 489 1192 cAnMEN
516 1152 693 1190 xvul.
736 1155 916 1205 „Faune
958 1154 1210 1204 Nymplzar.»
1252 1165 1486 1203 quamquam

143 1228 223 1255 non
256 1216 380 1264 magis
415 1217 545 1253 natale
583 1219 738 1264 tempus
780 1215 912 1264 prodit
946 1227 1064 1264 quam
1097 1216 1338 1264 praecedens
1365 1217 1488 1267 „Aeli

142 1281 325 1318 vetusto„
357 1281 489 1314 tamen
524 1289 547 1314 a
581 1278 797 1314 Kirchnero
832 1278 873 1314 in
908 1277 986 1314 tab.
1021 1278 1099 1314 chr.
1135 1277 1184 1314 ad
1218 1289 1251 1314 a.
1287 1277 1372 1314 732.
1399 1281 1439 1315 et
1465 1290 1489 1315 a

145 1342 292 1379 Grotef.
320 1337 380 1390 (p.
407 1340 492 1377 469.
519 1335 578 1392 b.)
614 1339 664 1375 ad
689 1340 789 1376 Non.
814 1337 1022 1376 Decembr.
1049 1350 1083 1375 a.
1110 1338 1195 1375 725.
1223 1337 1390 1377 relatum
1417 1343 1487 1377 est.

145 1404 208 1441 De
235 1402 297 1440 die
325 1401 507 1439 concedo.
560 1402 614 1438 At
640 1401 753 1438 mitto
780 1411 933 1437 annum.

249 1524 495 1563 GARMEN
520 1523 651 1560 xlx.
693 1524 934 1575 „Quantum
961 1525 1077 1563 discet
1093 1525 1143 1562 ab
1161 1525 1346 1565 Inacho’>
1370 1526 1492 1563 mani-

149 1590 291 1626 festum
325 1588 386 1624 est
421 1588 511 1623 ante
546 1597 580 1623 a.
615 1586 700 1623 732.
744 1587 931 1634 scriptum
971 1597 1079 1636 esse,
1120 1597 1196 1635 quo
1235 1587 1283 1625 L.
1310 1587 1495 1625 Licinius

153 1652 286 1689 Varro
313 1651 540 1697 Muraena,
567 1649 688 1684 frater
716 1648 756 1685 C.
784 1647 976 1694 Proculeji
1003 1643 1086 1700 (od.
1114 1648 1151 1698 2,
1178 1648 1211 1685 2.
1239 1644 1319 1702 5.),
1347 1649 1400 1686 Μ.
1419 1647 1494 1686 Te-

149 1713 268 1750 rentii
302 1709 488 1749 Varronis
521 1710 733 1747 Muraenae
769 1706 827 1763 (v.
853 1710 1025 1746 Masson.
1053 1710 1120 1747 vit.
1147 1720 1185 1758 p.
1212 1707 1320 1762 304.)
1355 1713 1396 1747 et
1420 1711 1495 1747 Te-

152 1774 316 1823 rentiae,
344 1783 423 1809 una
449 1782 537 1809 011111
562 1773 725 1810 Fannio
757 1773 959 1820 Caepione
983 1771 1025 1807 in
1050 1772 1271 1817 Augustum
1297 1771 1495 1820 conspira-

152 1836 220 1873 vit.
264 1831 332 1887 (ef.
359 1844 448 1883 pag.
473 1833 534 1871 62.
560 1836 601 1870 et
627 1845 663 1882 p.
693 1829 810 1885 181.)
862 1832 909 1869 In
951 1832 1066 1879 hujus
1093 1833 1302 1883 honorem,
1347 1834 1495 1882 quippe

154 1897 222 1946 qui
247 1907 387 1933 recens
414 1906 537 1942 augur
570 1896 693 1931 faetus
729 1894 802 1943 sit,
845 1893 985 1941 pocula
1027 1893 1183 1931 misceri
1215 1894 1330 1940 jubet
1363 1906 1400 1931 v.
1438 1895 1497 1931 10.

154 1959 353 1999 Horatius.
404 1958 493 1994 Jam
520 1967 608 1993 011111
635 1955 707 1992 sub
742 1956 857 1991 finem
892 1955 1081 2001 Glycerae
1117 1966 1158 1992 se
1193 1967 1324 1993 amore
1357 1954 1500 1993 torreri

156 2021 406 2068 confiteatur,
441 2019 484 2054 id
518 2017 622 2066 quod
647 2028 719 2065 per
745 2028 779 2053 a.
809 2017 894 2054 729.
922 2018 962 2053 et
988 2016 1073 2053 730.
1103 2016 1292 2054 accidisse
1327 2028 1348 2054 e
1384 2028 1500 2055 earm.

159 2082 195 2132 1,
225 2082 284 2118 19.
310 2080 521 2118 verisimile
547 2080 609 2116 fit:
652 2079 782 2128 aliqua
809 2081 914 2116 certe
940 2078 1227 2127 probabilitatis
1263 2078 1392 2128 specie
1427 2079 1501 2115 hoe

157 2143 321 2181 odarion
355 2143 458 2179 eirea
490 2141 533 2178 id
566 2142 720 2189 tempus
755 2140 825 2178 sed
867 2142 958 2189 post
999 2139 1060 2176 od.
1091 2141 1134 2190 1,
1164 2141 1223 2178 19.
1263 2142 1303 2177 et
1344 2138 1502 2188 quidem

158 2205 288 2241 hieme
315 2199 374 2255 (V.
402 2200 462 2256 8.)
489 2204 707 2241 confectum
733 2202 893 2240 dixeris.
944 2199 1074 2250 Atque
1101 2201 1158 2238 ita
1185 2202 1321 2238 statuit
1344 2201 1502 2239 Kirehn.

160 2267 309 2315 quaest.
340 2277 375 2314 p.
404 2265 464 2302 10.
498 2263 533 2316 ξ.
560 2265 621 2302 21.
664 2285 716 2293 —-·
757 2264 862 2301 Male
905 2263 1062 2301 Passov.
1106 2263 1174 2301 vit.
1213 2265 1292 2301 not.
1337 2263 1421 2301 214.
1466 2274 1504 2311 p.

162 2326 417 2369 LXXXVIII.
445 2326 493 2364 de
520 2326 632 2363 annis
658 2325 742 2363 732.
770 2328 811 2362 et
836 2326 896 2363 33.
924 2325 1119 2373 cogitavit.
1145 2343 1196 2355 ·—‹

261 2447 510 2502 *cmm
534 2447 665 2488 xxl.
706 2448 773 2500 „0
798 2451 901 2486 nata
924 2449 1111 2486 mecum»
1135 2448 1291 2497 quando
1318 2445 1507 2495 composi-

168 2510 252 2547 tum
277 2511 341 2562 sit,
368 2512 446 2549 dici
471 2511 618 2560 nequit.
669 2509 931 2548 Nihilominus
959 2510 1187 2548 Sanadonus
1213 2510 1254 2547 id
1281 2508 1331 2546 ad
1357 2519 1392 2545 a.
1420 2506 1506 2545 722.

171 2573 211 2608 et
235 2571 406 2610 Masson.
442 2573 512 2611 vit.
538 2573 630 2611 Hor.
657 2583 696 2621 p.
727 2571 809 2610 140.
849 2571 899 2610 ad
932 2583 965 2610 a.
992 2572 1078 2610 723.
1117 2571 1357 2621 retulerunt,
1400 2569 1507 2619 plau-

1161 2691 1240 2730 13*
