1643 2959
687 767 835 845 Cap.
887 769 968 826 V.

345 896 392 928 De
414 895 607 937 temporibus
632 896 745 937 quibus
768 897 838 928 libri
863 897 902 928 11.
928 896 1068 929 carmina
1091 897 1212 938 scripta
1234 896 1308 927 sint.

267 1081 507 1118 cARMRN
532 1081 571 1117 1.
631 1082 786 1119 Motum
819 1092 874 1118 σω
914 1082 1098 1120 Metello„
1136 1092 1207 1130 per
1245 1091 1364 1118 annos
1399 1081 1482 1119 724.

166 1146 208 1181 et
240 1143 323 1181 725.
358 1144 555 1180 exaratum
589 1144 660 1179 est.
709 1142 877 1178 Primum
916 1142 1018 1179 enim
1055 1153 1133 1179 non
1172 1142 1294 1179 solum
1333 1145 1421 1191 post
1446 1154 1482 1180 a.

168 1205 251 1241 715.
279 1204 461 1252 scriptum
487 1203 603 1239 fuerit
635 1213 792 1239 necesse
828 1205 907 1253 est,
946 1214 1021 1251 quo
1047 1215 1080 1240 a.
1107 1203 1142 1240 d.
1167 1203 1266 1241 VIIL
1293 1203 1376 1240 Kal.
1403 1203 1481 1240 No-

165 1265 310 1302 vembr.
345 1265 503 1302 Asinius
529 1263 648 1301 Pollio
676 1263 722 1300 de
749 1264 961 1314 Parthinis,
989 1264 1129 1312 populo
1155 1264 1322 1313 Illyrico,
1349 1264 1480 1300 trium-

166 1326 284 1373 phum
311 1326 390 1372 egit
416 1324 513 1378 (Dio
540 1325 608 1375 48,
635 1325 694 1362 41.
728 1325 894 1373 Appian.
929 1325 965 1362 b.
992 1337 1023 1364 c.
1050 1325 1072 1361 5
1076 1353 1092 1376 2
1126 1325 1187 1362 75.
1212 1324 1314 1361 Flor.
1342 1324 1387 1374 4,
1423 1325 1480 1362 12.

166 1387 224 1425 11.
263 1386 488 1424 Thorbecke
527 1386 574 1423 de
603 1387 644 1424 C.
670 1386 778 1424 Asin.
804 1387 845 1423 P.
862 1398 900 1434 p.
928 1382 1033 1439 33.)‚
1076 1387 1183 1434 cujus
1209 1385 1354 1422 mentio
1380 1386 1492 1422 facta.

163 1458 200 1485 v.
230 1447 309 1484 15.:

364 1508 435 1546 Cui
459 1509 588 1545 laurus
615 1509 792 1544 aeternos
817 1507 983 1544 honores

427 1569 642 1606 Dalmatico
667 1569 819 1618 peperit
844 1569 1063 1617 triumpho„

160 1629 234 1665 sed
259 1629 375 1666 etiam
400 1632 489 1677 post
515 1641 600 1666 ann.
627 1630 724 1679 719„
751 1630 930 1677 quoniam
954 1629 1074 1666 Pollio
1100 1631 1187 1676 post
1205 1629 1304 1667 hune
1322 1630 1477 1667 tandem

163 1689 214 1725 ad
239 1689 552 1726 conscribendam
577 1690 764 1726 bellorum
780 1690 948 1727 civilium
964 1689 1163 1727 historiam
1180 1691 1351 1728 accessit.
1379 1691 1477 1728 Nam

164 1761 249 1786 cum
275 1751 316 1786 in
342 1751 418 1788 Sat.
443 1750 490 1799 1,
526 1751 584 1787 10.
621 1750 680 1786 42.
713 1750 972 1787 nobilissimus
998 1750 1281 1796 tragoediarum
1315 1751 1478 1799 scriptor

163 1810 325 1861 dicatur,
350 1811 413 1847 hic
439 1813 568 1847 autem
592 1811 810 1847 intermisso
837 1811 1112 1859 aliquantisper
1138 1811 1368 1850 dramaticae
1386 1822 1477 1861 poe·

162 1871 214 1908 sis
240 1872 366 1909 studio
391 1871 590 1908 historiam
615 1882 842 1920 componere
867 1874 1044 1909 narretur
1069 1884 1124 1909 vs.
1151 1873 1176 1908 9
1203 1884 1278 1921 sq.:

353 1932 514 1969 Paulum
540 1943 697 1968 severae
722 1933 835 1969 Musa
860 1933 1081 1979 tragoediae

359 1993 471 2030 Desit
497 1993 678 2030 theatris:
705 2003 807 2043 mox,
833 1993 900 2030 ubi
926 1993 1098 2043 publicas

436 2053 513 2090 Res
540 2054 742 2104 ordinaris,
769 2054 912 2100 grande
939 2065 1076 2091 munus

552 2115 737 2163 Cecropio
763 2118 917 2164 repetes
945 2116 1157 2165 cothurno.,

162 2171 327 2209 dubitari
351 2184 429 2210 non
453 2177 582 2222 potest
607 2176 700 2223 quin
725 2176 858 2226 Pollio,
886 2177 952 2224 qui
978 2176 1026 2213 ab
1053 2188 1086 2213 a.
1112 2175 1196 2212 715.
1221 2184 1245 2209 a
1270 2173 1384 2209 rebus
1403 2184 1470 2220 pu-

159 2232 268 2269 blicis
295 2235 470 2279 gerendis
496 2246 651 2284 prorsus
677 2235 864 2272 abstinuit
889 2239 928 2272 et
953 2237 994 2271 in
1019 2236 1097 2272 otio
1122 2245 1168 2271 ac
1194 2244 1347 2270 secessu
1374 2234 1472 2281 opti-

160 2293 231 2329 mis
256 2293 376 2331 literis
403 2296 520 2346 vixit,
554 2296 718 2344 primum
743 2297 785 2333 in
811 2297 1058 2333 dramaticam
1097 2298 1218 2332 artem
1249 2294 1472 2331 incumbens

160 2364 259 2405 anno
285 2354 382 2404 719„
410 2366 484 2403 quo
511 2357 588 2394 Sat.
617 2358 652 2407 1,
681 2358 737 2394 10.
765 2357 907 2405 scripta
933 2359 993 2393 est
995 2384 1012 2406 2
1038 2357 1112 2393 hoc
1137 2355 1378 2404 potissimum
1403 2366 1470 2391 no-

160 2414 260 2451 mine
287 2416 424 2452 famam
450 2419 489 2452 ct
514 2418 726 2455 claritatem
752 2420 950 2455 assecutus
977 2418 1113 2468 fuerit,
1149 2420 1188 2454 et
1213 2419 1294 2453 tum
1319 2415 1470 2454 demum

161 2487 183 2512 a
207 2476 318 2524 poesi
343 2476 470 2514 studia
497 2489 565 2514 sua
590 2479 639 2515 ad
664 2490 725 2516 res
753 2480 956 2517 historicas
982 2477 1201 2516 tractandas
1218 2477 1466 2514 transtulerit.

257 2537 351 2575 Inde
377 2537 536 2575 ulterius
563 2540 741 2586 progredi
773 2540 875 2577 licct.
924 2540 1022 2577 Nam
1056 2541 1090 2577 si
1115 2538 1234 2576 Pollio
1260 2549 1359 2575 anno
1386 2538 1469 2574 719.

159 2608 254 2646 opus
280 2598 374 2637 illud
399 2599 622 2639 historicum
647 2600 815 2639 nondum
833 2601 960 2651 coepit
977 2602 1194 2651 contexere,
1222 2599 1469 2649 probabiliter
