1643 2959
729 223 1007 264 ,100-

203 336 290 383 post
315 334 413 371 hanc
441 333 621 380 scriptam
648 342 755 380 esse,
783 342 861 367 non
888 334 1033 367 temere
1061 330 1239 375 colligere
1266 330 1359 366 mihi
1395 329 1527 366 videor

203 408 224 433 e
250 408 306 433 vs.
337 396 407 432 104
435 404 514 442 sq.,
551 392 590 428 in
626 392 765 439 quibus
792 394 908 440 poeta
934 391 1009 427 iter
1035 390 1129 426 illud
1163 390 1436 428 Brundisinum
1469 403 1528 428 re-

204 457 331 505 spexit
357 458 395 491 et
420 455 474 490 ita
500 453 687 501 respexit,
714 454 757 488 ut
784 453 899 489 simul
925 452 1216 500 confirmentur,
1245 462 1342 498 quae
1370 453 1417 489 de
1445 451 1529 498 ejus

204 522 374 565 tempore
402 517 516 551 antea
543 513 739 561 disputata
766 516 865 550 sunt.
921 514 1059 563 „Nunc
1085 511 1223 562 mihist
1251 511 1391 561 inquit,

736 576 875 624 „Nunc
903 575 999 611 mihi
1026 577 1134 611 curto

353 638 413 675 Ire
439 637 531 674 licet
556 637 658 673 mulo
683 637 766 686 vel,
796 637 830 673 si
854 636 964 685 libet,
992 646 1120 685 usque
1147 635 1381 684 Tarentum,

359 698 530 736 Mantiea
544 698 607 735 cui
622 698 773 735 lumbos
791 708 907 735 onere
923 697 1069 734 ulceret
1089 699 1205 744 atque
1229 707 1347 746 eques
1370 695 1533 732 armos.'·'

204 761 304 799 Hinc
331 760 490 796 satiram
515 759 550 795 6.
578 759 753 807 proxime
772 762 862 808 post
886 761 1195 807 praecedentem
1222 761 1398 796 eoeeunle
1425 767 1535 794 anno

204 834 245 860 u.
273 833 303 860 c.
342 821 446 859 717.
481 823 743 868 compositam
777 832 864 859 esse
899 821 996 858 dico.
1051 820 1177 863 Quam
1211 818 1537 868 computationem

205 882 475 920 commendant
500 882 639 918 omnia.
692 882 862 918 Primum
896 882 943 918 de
977 882 1192 929 posteriore
1226 883 1399 929 tempore
1434 879 1537 925 cogi-

205 945 281 981 tari
306 943 452 991 nequit.
505 944 606 980 Nam
632 954 667 979 a.
703 943 788 979 7l8.
826 946 864 979 et
897 942 1193 989 insequentibus
1229 943 1435 978 Maecenas
1472 939 1537 976 ab·

207 1007 317 1042 sente
337 1005 503 1041 Caesare
524 1005 708 1052 „cunctis
735 1006 847 1051 apud
870 1005 1044 1041 Romam
1071 1008 1191 1051 alque
1215 1004 1381 1039 Italiam
1403 1012 1534 1049 prae-

206 1067 362 1114 positus
388 1063 529 1112 erac‚“
550 1066 593 1099 ut
619 1064 673 1100 ait
698 1065 788 1101 Tac.
817 1064 955 1101 Annal.
985 1065 1021 1113 6,
1052 1064 1110 1100 11.
1139 1060 1207 1115 (cf.
1234 1064 1312 1100 Dio
1341 1063 1449 1100 Cass.
1477 1063 1539 1111 49,

209 1126 268 1164 16.
296 1125 359 1162 fin.
386 1124 437 1162 τά
463 1135 504 1161 τε
540 1122 644 1160 ἄλλα
677 1123 726 1162 τὰ
760 1121 799 1162 ἓν
833 1126 880 1175 τῇ
915 1125 1031 1162 πόλει
1070 1124 1118 1173 τῇ
1157 1137 1198 1161 τε
1237 1123 1359 1174 λοιπῇ
1391 1122 1541 1177 Ἰταλίᾳ

207 1185 330 1232 Γάϊος
355 1198 415 1230 τις
441 1184 652 1232 ΆΙαικήνας
686 1182 785 1236 ἀνὴρ
821 1183 962 1232 ἳππεύς
995 1186 1061 1222 καῖ
1094 1183 1209 1222 τότε
1244 1186 1326 1222 καῖ
1361 1183 1541 1222 ἔπειτα

207 1245 276 1286 ἐπὶ
301 1244 398 1284 πολύ
429 1242 638 1295 διῴκησεν,
665 1246 757 1294 ibiq.
787 1247 947 1295 interpr.
977 1244 1119 1297 (Sturz.
1147 1247 1192 1282 V.
1214 1257 1251 1293 p.
1267 1245 1378 1298 590.)
1403 1245 1539 1291 Vellej.

208 1310 291 1347 Pat.
320 1308 357 1358 2,
384 1306 480 1359 88.).
535 1307 653 1353 Cujus
681 1307 839 1344 honoris
865 1309 1050 1345 Horatius
1076 1307 1124 1344 ab
1152 1307 1265 1343 initio
1292 1307 1447 1355 satirae,
1473 1306 1544 1342 ubi

209 1369 453 1407 nobilitatem
486 1368 686 1416 praedicat
719 1369 978 1418 Maecenatis,
1019 1368 1124 1406 haud
1158 1368 1275 1405 dubie
1308 1368 1543 1404 mentionem

211 1431 380 1479 fecisset,
409 1429 442 1466 si
470 1440 555 1466 eam
580 1430 643 1466 vel
669 1440 703 1465 a.
733 1429 817 1465 718.
845 1430 909 1466 vel
935 1432 1071 1477 postea
1099 1429 1330 1477 scripsisset.
1359 1429 1413 1466 At
1429 1429 1544 1476 plane

212 1492 286 1529 hac
313 1491 359 1527 de
385 1501 428 1526 re
454 1490 586 1526 tacuit.
640 1489 744 1533 Quin
770 1501 819 1526 ex
845 1501 945 1527 vers.
974 1491 1151 1527 30—39.
1188 1491 1392 1527 manifesto
1425 1501 1544 1538 appa·

212 1555 274 1588 ret
299 1553 564 1588 Maecenatem
598 1551 769 1588 nondum
797 1552 974 1589 Caesaris
1008 1551 1185 1599 partibus
1211 1552 1384 1587 sunctum
1410 1552 1542 1588 fuisse.

215 1613 402 1660 Alioquin
440 1613 507 1648 vix
543 1612 590 1648 de
617 1612 772 1648 homine
807 1623 907 1648 novo
947 1614 986 1649 et
1024 1611 1208 1662 ignobili,
1249 1612 1315 1660 qui
1340 1612 1546 1660 imperium

216 1675 381 1722 teneret,
409 1672 529 1709 verba
555 1673 711 1709 fecisset
736 1673 853 1710 haec:

420 1734 498 1782 Sic,
528 1733 595 1781 qui
622 1733 826 1783 promittit,
855 1734 973 1784 cives,
1001 1735 1137 1772 urbem
1165 1735 1240 1772 sibi
1267 1745 1395 1785 curae,

416 1795 627 1842 Imperium
652 1795 747 1844 fore,
776 1797 815 1830 et
840 1795 992 1833 Italiam
1019 1800 1058 1832 et
1087 1796 1248 1834 delubra
1277 1796 1458 1845 deorum3

418 1855 504 1898 Quo
531 1857 641 1903 patre
670 1857 722 1892 sit
747 1858 876 1905 natus,
903 1867 996 1893 num
1013 1857 1146 1903 ignota
1162 1860 1283 1894 matre
1302 1858 1544 1907 inhonestus,

417 1917 561 1953 Omnes
588 1917 768 1953 mortales
796 1928 930 1954 curare
957 1920 996 1954 et
1023 1929 1208 1966 quaerere
1235 1918 1349 1965 cogit.

417 1978 539 2027 Tune,
568 1978 666 2027 Syri,
692 1979 855 2016 Damae
881 1981 946 2014 aut
972 1981 1144 2029 Dionysi
1163 1978 1297 2029 filius,
1325 1979 1445 2017 audes

416 2038 595 2084 Dejicere
623 2050 644 2075 e
671 2050 766 2076 saxo
794 2039 912 2088 cives,
940 2042 1006 2076 aut
1031 2041 1184 2078 tradere
1212 2037 1384 2078 Cadmo‘ss

220 2099 323 2144 Ergo
359 2098 479 2135 satira
521 2110 663 2136 annum
696 2111 733 2136 u.
771 2111 802 2136 c.
843 2100 927 2137 718.
970 2102 1190 2139 antecessit.
1243 2102 1377 2149 Neque
1416 2103 1546 2139 tamen

223 2160 312 2195 ante
339 2170 373 2195 a.
402 2159 486 2196 717.
514 2162 644 2208 potest
670 2162 755 2196 orta
782 2171 882 2210 esse,
909 2163 953 2197 ut
977 2164 1060 2199 tum
1095 2173 1141 2198 ea
1166 2161 1332 2210 probant
1357 2172 1456 2210 quae
1483 2175 1546 2201 su-

222 2229 293 2267 pra
318 2220 442 2270 attuli,
469 2222 551 2257 tum
575 2232 611 2257 v.
641 2221 722 2258 54.:

419 2281 534 2319 Nulla
560 2282 704 2318 etenim
730 2282 825 2318 mihi
850 2284 890 2319 te
915 2284 994 2320 fors
1021 2283 1183 2335 obtulit3
1210 2285 1377 2333 optimus
1403 2287 1498 2324 olim

421 2342 626 2392 Virgilius,
654 2344 743 2391 post
768 2343 869 2380 hunc
894 2345 1035 2381 Varius
1063 2345 1210 2395 dixere,
1237 2346 1331 2394 quid
1357 2358 1493 2384 essem.

224 2401 430 2450 Perperam
454 2403 662 2440 Weichert.
691 2403 738 2440 de
764 2405 852 2441 Var.
882 2407 920 2441 et
948 2406 1053 2443 Cass.
1082 2418 1118 2454 p.
1148 2406 1208 2443 48.
1243 2407 1399 2444 satiram
1431 2408 1546 2446 initio

227 2463 319 2499 anni
343 2462 452 2513 721.;
478 2463 633 2500 Passov.
660 2466 728 2502 vit.
748 2467 827 2501 not.
848 2466 930 2502 166.
951 2478 987 2514 p.
1007 2467 1127 2504 LXII.
1147 2467 1369 2518 718—19.;
1387 2469 1542 2506 Kirchn.

228 2523 306 2560 tab.
342 2523 419 2560 chr.
460 2525 500 2560 et
541 2525 685 2562 Grotef.
726 2536 762 2572 p.
802 2525 938 2563 461.1).
980 2538 1080 2564 anno
1119 2528 1202 2565 718.
1246 2529 1542 2578 adscripserunt.

228 2582 381 2619 Mecum
407 2583 519 2632 plane
544 2585 637 2621 facit
662 2585 876 2636 Wieland.,
915 2587 980 2635 qui
1019 2588 1060 2624 in
1098 2591 1177 2625 not.
1215 2590 1272 2627 18.
1310 2591 1404 2628 hacc
1443 2591 1544 2628 inter
