1643 2959
647 836 796 916 Cap.
849 839 934 896 ΙΙ.

344 967 392 999 De
416 968 526 999 aetate
550 967 738 1000 Sermonum
764 968 818 1009 qui
842 968 876 999 in
899 968 981 1000 libro
1005 968 1045 999 ΙΙ.
1069 967 1227 1009 leguntur.

126 1156 389 1234 Quamquam
415 1185 671 1234 plurimorum
707 1186 938 1223 Sermonum
973 1185 1040 1234 qui
1065 1184 1107 1221 in
1134 1185 1257 1221 altero
1282 1182 1382 1220 libro
1407 1183 1463 1220 lc-

123 1249 266 1293 guntur
300 1249 408 1284 aetas
442 1257 522 1283 non
555 1248 686 1295 potest
719 1247 770 1284 ad
802 1247 994 1296 liquidum
1021 1246 1235 1295 explorari,
1272 1244 1465 1293 probabili

123 1311 255 1345 tamen
281 1309 432 1345 ratione
460 1319 481 1344 e
508 1309 643 1357 paucis
669 1318 769 1356 quae
797 1310 952 1345 exstant
969 1310 1188 1356 temporum
1205 1306 1360 1344 indiciis
1388 1306 1465 1343 col-

123 1370 244 1420 ligas,
276 1370 413 1406 harum
441 1381 594 1418 quoque
630 1369 850 1417 eclogarum
884 1369 1169 1406 ordinationem
1202 1370 1344 1406 factam
1379 1379 1466 1405 esse

126 1431 337 1468 secundum
363 1432 550 1479 temporis
587 1431 728 1468 seriem
764 1443 840 1480 qua
875 1431 1112 1479 compositae
1140 1432 1242 1467 sunt.
1293 1429 1467 1466 Mirabili

126 1494 231 1529 certe
267 1504 358 1529 casu
394 1492 636 1542 accidit,.ut
670 1492 733 1529 hic
769 1503 922 1541 quoque
958 1493 999 1529 in
1033 1493 1196 1542 tertiae,
1233 1492 1391 1540 quintae
1428 1492 1468 1527 et

128 1556 262 1590 sextae
305 1554 558 1590 collocatione
602 1554 789 1601 temporis
830 1555 932 1591 ratio
972 1555 1194 1590 constanter
1233 1552 1368 1589 habita
1402 1552 1466 1588 sit.

127 1615 255 1652 Prima
290 1617 419 1652 autem
454 1615 627 1651 omnium
661 1615 875 1652 novissima
909 1615 1092 1652 fasciculo
1135 1614 1360 1663 praeposita
1394 1615 1466 1650 est.

126 1677 384 1726 Properemus
411 1676 462 1714 ad
489 1677 672 1725 singulas.

231 1799 450 1837 SA'I'IRA
484 1799 524 1836 1.
568 1801 704 1850 „Sunt
725 1801 902 1850 quibus»
927 1811 962 1837 a.
990 1811 1028 1837 u.
1058 1812 1089 1837 c.
1109 1800 1195 1837 724.
1225 1800 1369 1847 scripta
1395 1800 1467 1835 est.

131 1863 205 1899 Pro
232 1873 308 1910 qua
335 1862 622 1911 computatione
657 1863 788 1899 omnia
821 1862 1008 1910 temporis
1043 1861 1188 1898 indicia
1214 1860 1387 1909 apprime
1414 1861 1470 1896 fa-

132 1925 251 1961 ciunt.
312 1925 349 1961 A
382 1935 439 1960 vs.
470 1923 529 1960 10.
556 1923 613 1959 ita
646 1923 749 1960 inter
775 1934 816 1960 se
845 1923 1139 1961 confabulantur
1165 1922 1327 1960 callidus
1354 1922 1471 1971 poeta

134 1988 173 2023 et
199 1985 427 2024 Trebatius:

333 2048 415 2085 Aut
441 2046 475 2083 si
501 2048 632 2083 tantus
659 2058 767 2084 amor
793 2046 990 2084 scribendi
1015 2049 1054 2083 te
1080 2047 1205 2096 rapit,
1233 2045 1333 2082 aude

336 2108 514 2146 Caesaris
541 2108 679 2145 invicti
704 2120 768 2146 res
796 2108 947 2159 dicere,
975 2109 1096 2146 multa
1120 2108 1297 2145 laborum

335 2170 513 2208 Praemia
537 2170 698 2206 laturus.
754 2170 968 2220 Cupidum,
995 2172 1108 2218 pater
1134 2170 1303 2219 optime,
1329 2168 1434 2206 vires

335 2231 551 2270 Deficiunt:
576 2242 704 2280 neque
732 2231 836 2268 enim
862 2232 990 2280 quivis
1017 2231 1217 2268 horrentia
1241 2230 1332 2279 pilis

338 2292 527 2343 Agmina,
553 2304 630 2331 nec
651 2291 790 2340 fracta
811 2298 1028 2342 pereuntes
1053 2294 1219 2340 cuspide
1246 2292 1388 2331 Gallos

339 2355 423 2393 Aut
446 2355 618 2392 tabentis
643 2366 745 2404 equo
771 2356 972 2394 describat
995 2356 1170 2393 vulnera
1193 2354 1348 2393 Parthi.

338 2417 524 2454 Attamen
550 2417 590 2452 et
609 2415 759 2462 justum
784 2418 940 2465 poteras
967 2418 1007 2454 et
1033 2416 1202 2453 scribere
1229 2417 1390 2464 fortem,

342 2478 561 2528 Scipiadam
602 2479 646 2514 ut
688 2478 844 2527 sapiens
886 2478 1069 2516 Lucilius.
1113 2499 1164 2507 -
1223 2476 1337 2514 Haud
1378 2473 1473 2512 mihi

675 2539 816 2591 deero,

347 2602 442 2640 Cum
467 2613 530 2641 res
555 2603 642 2652 ipsa
668 2604 787 2642 feret.-
811 2602 889 2641 nisi
915 2602 1052 2642 dextro
1078 2605 1253 2652 tempore
1278 2599 1407 2639 Flacci
