1659 2948
682 181 956 220 -3-

163 286 267 324 culos
292 287 394 325 vitae
410 289 546 326 fluctus
563 287 731 326 urbanae
749 288 1045 335 restinguerent,
1070 288 1240 326 nondum
1258 288 1478 326 corrobora-

162 350 243 385 tum
268 347 352 397 ipse
378 350 538 387 Romam
564 350 788 398 comitatus,
824 349 865 384 in
889 359 991 383 nova
1025 348 1115 383 sede
1141 345 1240 400 (Sat.
1269 350 1305 399 1,
1331 350 1365 386 6.
1395 345 1479 401 86.)

357 434 407 439 -
431 432 481 439 —
507 412 633 448 custos
659 408 1010 455 incorruptissimus
1037 417 1170 443 onmes

360 471 511 509 Circum
537 471 712 507 doctores
739 468 873 505 aderat
900 464 949 520 ⁸).

159 530 275 574 Quod
307 531 626 579 quemadmodum
657 529 758 577 patri
792 529 928 565 honori
963 528 1151 578 dandum,
1183 529 1239 565 ita
1264 531 1346 580 est,
1380 531 1482 578 quod

161 591 239 628 filio
263 592 401 628 mirum
425 592 609 637 quantum
632 590 822 638 profuisse
847 590 1034 626 laetemur
1057 590 1103 635 in
1125 588 1243 626 animi
1260 589 1481 638 ingeniique

163 651 473 688 conformatione.
526 652 622 689 Cum
647 651 750 688 enim
776 651 959 697 singulari
984 653 1095 699 pater
1121 649 1309 687 educandi
1333 651 1481 687 ratione

162 713 346 760 uteretur,
372 711 457 761 hac,
483 713 527 748 ut
550 723 629 749 non
653 714 732 749 tam
751 712 895 758 jejunis
921 711 1138 760 praeceptis
1163 714 1203 748 et
1220 710 1482 747 commonitio-

160 771 288 821 nibus,
314 782 428 820 quam
455 773 667 822 „exemplis
693 773 875 810 vitiorum
900 783 1074 820 quaeque
1099 770 1292 810 notando''
1318 766 1417 823 (Sat.
1446 771 1483 820 1,

162 832 196 868 4.
226 828 332 885 105.)
358 833 540 870 traditum
566 833 614 871 ab
640 834 807 882 antiquis
833 844 978 871 morem
1005 837 1176 871 servaret
1199 847 1321 885 puero
1346 837 1483 874 vitam-

137 899 236 940 ‘que
263 895 301 931 et
326 894 465 931 famam
489 894 717 931 incolumem
742 897 957 943 praestaret
983 891 1035 947 ⁷),
1070 895 1191 934 donec
1225 898 1308 935 sine
1341 899 1483 935 cortice

159 954 360 990 nataturus
395 957 517 992 esset:
553 956 697 993 inscius
724 956 872 1005 effecit,
906 957 949 991 ut
969 955 1051 1001 jam
1076 959 1215 1003 puerili
1249 958 1378 994 animo
1404 960 1483 994 stu-

162 1013 267 1051 dium
300 1014 351 1051 ad
384 1015 581 1053 hominum
613 1017 709 1054 vitia
742 1016 967 1053 attendendi
1002 1027 1123 1064 eaque
1156 1018 1285 1066 lepide
1319 1020 1359 1055 et
1384 1019 1484 1055 salse

160 1074 372 1121 castigandi
396 1077 660 1115 inculcaretur.
711 1078 793 1114 Nec
819 1077 919 1113 cassi
943 1076 1095 1114 labores
1113 1082 1223 1115 erant
1247 1080 1289 1115 in
1313 1078 1483 1115 moribus

161 1136 272 1182 pueri
310 1136 554 1174 moderandis
598 1141 638 1175 et
682 1138 942 1174 emendandis.
1021 1138 1165 1181 Quidni
1209 1140 1313 1176 enim
1345 1140 1484 1178 Flacco

162 1195 384 1246 credamus,
420 1199 486 1246 qui
520 1199 640 1247 patris
675 1211 766 1236 cura
801 1211 842 1235 se
867 1199 1031 1236 liberum
1066 1211 1089 1236 a
1114 1201 1354 1246 gravioribus
1381 1211 1479 1249 quae

161 1257 371 1303 perniciem
396 1259 520 1296 ferant
544 1260 649 1296 vitiis
674 1260 874 1310 mansisse,
896 1262 935 1296 et
952 1260 1207 1298 mediocribus
1224 1264 1373 1298 tantum
1399 1261 1482 1308 quj-

162 1316 235 1353 bus
260 1318 370 1356 facile
396 1319 571 1366 ignoscas
597 1321 734 1371 teneri,
761 1321 882 1358 libere
909 1323 949 1357 et
967 1321 1117 1358 sincera
1134 1322 1207 1358 fide
1228 1323 1390 1360 affirmat
1416 1319 1483 1374 ⁸·)”2

162 1377 429 1417 Praetextatus
471 1381 630 1422 Romam
666 1382 852 1419 deductus
895 1384 954 1418 est
981 1379 1042 1435 ⁹),
1084 1384 1245 1420 sortasse
1285 1382 1483 1430 septennis

252 1506 289 1548 6)
312 1508 448 1540 Praeter
469 1512 640 1551 magistros
661 1511 821 1542 literarios
845 1512 971 1540 constat
993 1509 1078 1549 apud
1101 1510 1260 1540 Romanos
1282 1518 1402 1541 morum
1425 1519 1482 1540 cu-

163 1559 230 1582 ram
244 1561 412 1592 puerorum
433 1556 573 1593 gessisse
595 1556 776 1594 plerumque
799 1563 921 1590 servos,
944 1554 996 1593 qui
1020 1553 1207 1584 dicebantur
1223 1554 1384 1593 custodes,
1403 1563 1482 1594 pae-

163 1595 292 1635 dagogi.
322 1596 477 1635 (Quintil.
499 1598 575 1628 inst.
600 1607 647 1628 or.
671 1598 708 1635 1,
733 1598 763 1629 1.
788 1598 819 1629 8.
852 1597 930 1627 Hor.
956 1598 1051 1637 epist.
1082 1598 1123 1628 ad
1146 1598 1255 1629 Pison.
1280 1598 1379 1638 161.)
1423 1598 1481 1629 Vei

163 1642 273 1670 aetate
303 1642 558 1680 provectioribus
588 1650 650 1672 non
675 1642 818 1672 deerant.
865 1641 915 1671 Cf.
938 1641 1125 1683 Bernhardy
1148 1642 1259 1673 histor.
1283 1643 1366 1673 liter.
1390 1643 1481 1673 Rom.

162 1693 195 1723 p.
219 1684 262 1715 22
286 1687 318 1715 et
340 1689 406 1716 not.
430 1686 485 1718 43.
530 1685 678 1717 Schwarz
703 1686 734 1716 in
759 1686 838 1716 libro
862 1685 1074 1724 (Geschichte
1097 1687 1128 1718 (1.
1152 1686 1355 1727 Erziehung)
1378 1687 1481 1718 vol.1.

163 1737 194 1768 p.
219 1729 283 1760 326
305 1728 374 1768 (ed.
398 1730 513 1771 1813).

251 1794 290 1833 7)
313 1795 514 1828 consimilem
538 1796 693 1828 educandi
717 1797 871 1829 rationem
894 1795 1060 1838 praedicat
1081 1796 1201 1828 Demea
1223 1806 1323 1829 senex
1353 1798 1385 1829 in
1416 1798 1482 1829 Te-

165 1840 246 1870 rent.
269 1839 400 1881 Adelph.
424 1842 455 1878 3,
478 1842 510 1873 3.
534 1841 576 1873 59
599 1852 646 1882 sq.

626 1904 670 1909 --
693 1902 738 1909 —-
759 1903 803 1909 —
825 1885 878 1916 Fit
900 1885 1026 1916 sedulo:

363 1928 417 1959 Nil
440 1929 678 1968 praetermitto:
703 1930 921 1961 consuefacio:
945 1930 1081 1970 denique

364 1973 540 2013 Inspicere,
563 1976 713 2014 tanquam
735 1974 767 2004 in
790 1975 961 2014 speculum,
984 1975 1016 2004 in
1041 1974 1126 2004 vitas
1149 1973 1285 2005 omnium

362 2016 478 2048 Jubeo:
502 2019 599 2057 atque
622 2026 662 2048 ex
685 2018 756 2048 aliis
779 2027 904 2049 sumere
927 2017 1102 2058 exemplum
1125 2018 1197 2048 sibi.

364 2061 457 2099 „Hoc
479 2061 608 2092 facit0.''
630 2078 674 2084 —-
698 2062 778 2099 „hoc
801 2062 932 2102 fugito.‘'
954 2079 999 2085 -—-

363 2105 456 2143 „Hoc
478 2105 563 2136 laudi
587 2107 667 2136 est.''
689 2123 733 2128 --
754 2123 799 2129 —-
821 2107 903 2144 „hoc
925 2106 1005 2136 vitio
1029 2105 1153 2137 (1111111.η

254 2170 293 2211 8)
316 2171 386 2202 Sat.
403 2171 434 2209 1,
458 2172 489 2204 4.
513 2171 578 2204 129
601 2182 648 2213 sq.
672 2189 711 2197 -ο
737 2171 818 2204 Α11(11
842 2172 923 2203 Ρ1111.
948 2172 1041 2212 epist.
1066 2171 1096 2209 4,
1120 2170 1175 2203 13.
1200 2171 1283 2209 „Ubi
1315 2171 1396 2203 enim
1426 2174 1482 2202 ant

164 2215 334 2253 jucundius
356 2219 555 2247 morarentur
577 2225 669 2258 quam
691 2216 723 2247 in
746 2217 862 2258 patria,
885 2219 941 2247 aut
955 2215 1100 2256 pudicius
1118 2216 1366 2259 continerentur,
1389 2225 1482 2257 quam

169 2259 227 2290 sub
251 2260 351 2291 oeulis
374 2260 579 2302 parentum?'‘
611 2263 643 2292 et
665 2260 743 2292 Hor.
766 2262 836 2292 Sat.
858 2260 889 2298 1,
913 2262 944 2293 6.
968 2261 1021 2296 82,

694 2323 736 2329 —-
759 2322 803 2328 —
826 2305 907 2339 Quid
929 2304 1045 2336 multa?
1068 2304 1213 2345 pudicum

365 2349 450 2387 (Qui
473 2350 591 2391 primus
613 2349 742 2381 virtutis
764 2350 887 2390 honos)
909 2359 1018 2380 serva}
1029 2350 1053 2380 it
1073 2351 1113 2381 ab
1137 2351 1218 2381 omni

367 2393 441 2425 Non
464 2395 563 2426 solum
586 2395 682 2433 facto,
706 2403 815 2426 verum
838 2394 1006 2435 opprobrio
1029 2403 1152 2435 quoque
1173 2395 1268 2435 turpi.

258 2457 296 2499 9)
319 2459 369 2490 Cf.
394 2461 487 2501 epist.
512 2462 550 2499 2,
574 2461 606 2492 2.
631 2460 683 2492 42.
729 2461 851 2492 Romae
872 2460 1028 2491 nutriri
1060 2460 1133 2491 mihi
1165 2461 1309 2501 contigit.
1354 2462 1423 2492 Sat.
1454 2462 1479 2496 1,

173 2502 204 2532 6.
227 2501 279 2533 76.
323 2503 496 2537 Puerum
520 2508 569 2536 est
591 2513 687 2535 ausus
712 2508 772 2535 cet.
797 2505 890 2546 epist.
914 2504 945 2543 2,
969 2505 999 2536 1.
1022 2504 1076 2536 70.
1108 2505 1233 2536 memini
1264 2515 1345 2546 quae
1368 2507 1478 2547 plago-

170 2554 241 2578 sum
263 2546 336 2579 mihi
359 2557 485 2589 parvo
508 2549 660 2581 Orbilium
683 2547 815 2580 dictare.
