<?xml version="1.0" encoding="UTF-8"?>
<!DOCTYPE html PUBLIC "-//W3C//DTD XHTML 1.0 Transitional//EN"
    "http://www.w3.org/TR/xhtml1/DTD/xhtml1-transitional.dtd">
<html xmlns="http://www.w3.org/1999/xhtml" xml:lang="en" lang="en">
 <head>
  <title>
</title>
<meta http-equiv="Content-Type" content="text/html;charset=utf-8" />
  <meta name='ocr-system' content='tesseract 3.04.00' />
  <meta name='ocr-capabilities' content='ocr_page ocr_carea ocr_par ocr_line ocrx_word'/>
</head>
<body>
  <div class='ocr_page' id='page_1' title='image "./fastihoratianiac00franuoft_0042.png"; bbox 0 0 1659 2948; ppageno 0'>
   <div class='ocr_carea' id='block_1_1' title="bbox 731 216 1006 257">
    <p class='ocr_par' dir='ltr' id='par_1_1' title="bbox 731 216 1006 257">
     <span class='ocr_line' id='line_1_1' title="bbox 731 216 1006 257; baseline -0.004 -12"><span class='ocrx_word' id='word_1_1' title='bbox 731 216 1006 257; x_wconf 54' lang='lat'>„34-</span> 
     </span>
    </p>
   </div>
   <div class='ocr_carea' id='block_1_2' title="bbox 204 322 1536 2626">
    <p class='ocr_par' dir='ltr' id='par_1_2' title="bbox 206 322 1536 1711">
     <span class='ocr_line' id='line_1_2' title="bbox 212 322 1532 372; baseline -0.002 -10"><span class='ocrx_word' id='word_1_2' title='bbox 212 324 262 362; x_wconf 85' lang='lat' dir='ltr'>ad</span> <span class='ocrx_word' id='word_1_3' title='bbox 280 324 529 362; x_wconf 88' lang='lat' dir='ltr'>dramaticam</span> <span class='ocrx_word' id='word_1_4' title='bbox 544 325 705 361; x_wconf 85' lang='lat' dir='ltr'>formam</span> <span class='ocrx_word' id='word_1_5' title='bbox 721 324 897 372; x_wconf 79' lang='lat' dir='ltr'>proxime</span> <span class='ocrx_word' id='word_1_6' title='bbox 916 322 1078 372; x_wconf 86' lang='lat' dir='ltr'>accedit,</span> <span class='ocrx_word' id='word_1_7' title='bbox 1104 322 1203 359; x_wconf 90' lang='lat' dir='ltr'>libro</span> <span class='ocrx_word' id='word_1_8' title='bbox 1224 322 1391 360; x_wconf 84' lang='lat' dir='ltr'>secundo</span> <span class='ocrx_word' id='word_1_9' title='bbox 1415 323 1532 359; x_wconf 86' lang='lat' dir='ltr'>inter-</span> 
     </span>
     <span class='ocr_line' id='line_1_3' title="bbox 210 383 1533 435; baseline -0.004 -11"><span class='ocrx_word' id='word_1_10' title='bbox 210 383 374 435; x_wconf 62' lang='lat' dir='ltr'>posuit?</span> <span class='ocrx_word' id='word_1_11' title='bbox 425 385 569 429; x_wconf 86' lang='lat' dir='ltr'>Quidni</span> <span class='ocrx_word' id='word_1_12' title='bbox 595 394 727 420; x_wconf 88' lang='lat' dir='ltr'>omnes</span> <span class='ocrx_word' id='word_1_13' title='bbox 767 385 970 421; x_wconf 82' lang='lat' dir='ltr'>Sermones</span> <span class='ocrx_word' id='word_1_14' title='bbox 1008 393 1086 418; x_wconf 92' lang='lat' dir='ltr'>uno</span> <span class='ocrx_word' id='word_1_15' title='bbox 1125 394 1284 431; x_wconf 88' lang='lat' dir='ltr'>corpore</span> <span class='ocrx_word' id='word_1_16' title='bbox 1326 383 1533 433; x_wconf 77' lang='lat' dir='ltr'>evulgavit,</span> 
     </span>
     <span class='ocr_line' id='line_1_4' title="bbox 211 443 1533 495; baseline -0.003 -10"><span class='ocrx_word' id='word_1_17' title='bbox 211 458 297 484; x_wconf 84' lang='lat' dir='ltr'>cum</span> <span class='ocrx_word' id='word_1_18' title='bbox 328 456 571 495; x_wconf 84' lang='lat' dir='ltr'>nequaquam</span> <span class='ocrx_word' id='word_1_19' title='bbox 604 445 682 493; x_wconf 92' lang='lat' dir='ltr'>ipsi</span> <span class='ocrx_word' id='word_1_20' title='bbox 715 443 926 480; x_wconf 90' lang='lat' dir='ltr'>verendum</span> <span class='ocrx_word' id='word_1_21' title='bbox 959 446 1084 493; x_wconf 88' lang='lat' dir='ltr'>esset,</span> <span class='ocrx_word' id='word_1_22' title='bbox 1118 453 1168 479; x_wconf 85' lang='lat' dir='ltr'>ne</span> <span class='ocrx_word' id='word_1_23' title='bbox 1200 444 1315 480; x_wconf 84' lang='lat' dir='ltr'>nimis</span> <span class='ocrx_word' id='word_1_24' title='bbox 1341 455 1533 482; x_wconf 86' lang='lat' dir='ltr'>accresce-</span> 
     </span>
     <span class='ocr_line' id='line_1_5' title="bbox 210 504 1533 556; baseline -0.003 -11"><span class='ocrx_word' id='word_1_25' title='bbox 210 510 271 545; x_wconf 89' lang='lat' dir='ltr'>ret</span> <span class='ocrx_word' id='word_1_26' title='bbox 295 505 421 556; x_wconf 65' lang='lat' dir='ltr'>opus&#39;ss</span> <span class='ocrx_word' id='word_1_27' title='bbox 470 507 618 543; x_wconf 91' lang='lat' dir='ltr'>Eumne</span> <span class='ocrx_word' id='word_1_28' title='bbox 644 515 723 541; x_wconf 91' lang='lat' dir='ltr'>non</span> <span class='ocrx_word' id='word_1_29' title='bbox 747 505 950 542; x_wconf 82' lang='lat' dir='ltr'>festinasse</span> <span class='ocrx_word' id='word_1_30' title='bbox 965 505 1198 554; x_wconf 80' lang='lat' dir='ltr'>editionem,</span> <span class='ocrx_word' id='word_1_31' title='bbox 1225 504 1287 540; x_wconf 89' lang='lat' dir='ltr'>cui</span> <span class='ocrx_word' id='word_1_32' title='bbox 1312 516 1425 543; x_wconf 84' lang='lat' dir='ltr'>curae</span> <span class='ocrx_word' id='word_1_33' title='bbox 1451 516 1533 543; x_wconf 89' lang='lat' dir='ltr'>cor-</span> 
     </span>
     <span class='ocr_line' id='line_1_6' title="bbox 212 565 1535 617; baseline -0.002 -12"><span class='ocrx_word' id='word_1_34' title='bbox 212 568 327 617; x_wconf 88' lang='lat' dir='ltr'>dique</span> <span class='ocrx_word' id='word_1_35' title='bbox 354 578 439 604; x_wconf 89' lang='lat' dir='ltr'>esse</span> <span class='ocrx_word' id='word_1_36' title='bbox 466 566 622 615; x_wconf 83' lang='lat' dir='ltr'>debuit,</span> <span class='ocrx_word' id='word_1_37' title='bbox 649 567 692 602; x_wconf 92' lang='lat' dir='ltr'>ut</span> <span class='ocrx_word' id='word_1_38' title='bbox 717 565 958 615; x_wconf 76' lang='lat' dir='ltr'>Maecenati,</span> <span class='ocrx_word' id='word_1_39' title='bbox 985 565 1218 602; x_wconf 90' lang='lat' dir='ltr'>amicissimo</span> <span class='ocrx_word' id='word_1_40' title='bbox 1238 565 1394 615; x_wconf 84' lang='lat' dir='ltr'>fautori,</span> <span class='ocrx_word' id='word_1_41' title='bbox 1421 576 1535 614; x_wconf 90' lang='lat' dir='ltr'>quam</span> 
     </span>
     <span class='ocr_line' id='line_1_7' title="bbox 210 626 1534 675; baseline -0.002 -10"><span class='ocrx_word' id='word_1_42' title='bbox 210 628 432 666; x_wconf 79' lang='lat' dir='ltr'>maturrime</span> <span class='ocrx_word' id='word_1_43' title='bbox 458 629 608 673; x_wconf 88' lang='lat' dir='ltr'>gratum</span> <span class='ocrx_word' id='word_1_44' title='bbox 634 626 803 664; x_wconf 86' lang='lat' dir='ltr'>animum</span> <span class='ocrx_word' id='word_1_45' title='bbox 828 627 972 673; x_wconf 84' lang='lat' dir='ltr'>insigni</span> <span class='ocrx_word' id='word_1_46' title='bbox 998 627 1126 675; x_wconf 84' lang='lat' dir='ltr'>aliquo</span> <span class='ocrx_word' id='word_1_47' title='bbox 1157 627 1198 662; x_wconf 89' lang='lat' dir='ltr'>et</span> <span class='ocrx_word' id='word_1_48' title='bbox 1221 626 1376 673; x_wconf 89' lang='lat' dir='ltr'>publico</span> <span class='ocrx_word' id='word_1_49' title='bbox 1401 636 1534 663; x_wconf 88' lang='lat' dir='ltr'>monu-</span> 
     </span>
     <span class='ocr_line' id='line_1_8' title="bbox 209 687 1535 738; baseline -0.002 -13"><span class='ocrx_word' id='word_1_50' title='bbox 209 691 338 725; x_wconf 87' lang='lat' dir='ltr'>mento</span> <span class='ocrx_word' id='word_1_51' title='bbox 365 689 592 738; x_wconf 80' lang='lat' dir='ltr'>testaretur,</span> <span class='ocrx_word' id='word_1_52' title='bbox 620 690 659 724; x_wconf 87' lang='lat' dir='ltr'>et</span> <span class='ocrx_word' id='word_1_53' title='bbox 685 690 728 723; x_wconf 89' lang='lat' dir='ltr'>ut</span> <span class='ocrx_word' id='word_1_54' title='bbox 746 699 814 724; x_wconf 88' lang='lat' dir='ltr'>eae</span> <span class='ocrx_word' id='word_1_55' title='bbox 832 688 1076 736; x_wconf 89' lang='lat' dir='ltr'>potissimum</span> <span class='ocrx_word' id='word_1_56' title='bbox 1093 687 1261 737; x_wconf 87' lang='lat' dir='ltr'>eclogae,</span> <span class='ocrx_word' id='word_1_57' title='bbox 1289 697 1388 735; x_wconf 89' lang='lat' dir='ltr'>quae</span> <span class='ocrx_word' id='word_1_58' title='bbox 1411 697 1535 723; x_wconf 89' lang='lat' dir='ltr'>novae</span> 
     </span>
     <span class='ocr_line' id='line_1_9' title="bbox 208 748 1535 799; baseline -0.002 -13"><span class='ocrx_word' id='word_1_59' title='bbox 208 750 339 798; x_wconf 89' lang='lat' dir='ltr'>poesis</span> <span class='ocrx_word' id='word_1_60' title='bbox 374 749 638 786; x_wconf 88' lang='lat' dir='ltr'>defensionem</span> <span class='ocrx_word' id='word_1_61' title='bbox 670 749 933 799; x_wconf 81' lang='lat' dir='ltr'>continerent,</span> <span class='ocrx_word' id='word_1_62' title='bbox 967 749 1137 786; x_wconf 89' lang='lat' dir='ltr'>omnium</span> <span class='ocrx_word' id='word_1_63' title='bbox 1162 748 1339 785; x_wconf 84' lang='lat' dir='ltr'>manibus</span> <span class='ocrx_word' id='word_1_64' title='bbox 1365 749 1535 784; x_wconf 87' lang='lat' dir='ltr'>tereren-</span> 
     </span>
     <span class='ocr_line' id='line_1_10' title="bbox 209 807 1535 858; baseline -0.002 -10"><span class='ocrx_word' id='word_1_65' title='bbox 209 807 299 848; x_wconf 53' lang='lat' dir='ltr'>tur&amp;</span> <span class='ocrx_word' id='word_1_66' title='bbox 349 811 498 848; x_wconf 89' lang='lat' dir='ltr'>Eumne</span> <span class='ocrx_word' id='word_1_67' title='bbox 533 821 603 858; x_wconf 91' lang='lat' dir='ltr'>per</span> <span class='ocrx_word' id='word_1_68' title='bbox 637 810 866 847; x_wconf 88' lang='lat' dir='ltr'>decennium</span> <span class='ocrx_word' id='word_1_69' title='bbox 900 813 940 847; x_wconf 91' lang='lat' dir='ltr'>et</span> <span class='ocrx_word' id='word_1_70' title='bbox 975 809 1078 858; x_wconf 92' lang='lat' dir='ltr'>quod</span> <span class='ocrx_word' id='word_1_71' title='bbox 1111 809 1283 847; x_wconf 83' lang='lat' dir='ltr'>excurrit</span> <span class='ocrx_word' id='word_1_72' title='bbox 1308 808 1424 846; x_wconf 84' lang='lat' dir='ltr'>fando</span> <span class='ocrx_word' id='word_1_73' title='bbox 1450 810 1535 846; x_wconf 84' lang='lat' dir='ltr'>tan-</span> 
     </span>
     <span class='ocr_line' id='line_1_11' title="bbox 209 871 1536 919; baseline -0.002 -11"><span class='ocrx_word' id='word_1_74' title='bbox 209 874 291 909; x_wconf 90' lang='lat' dir='ltr'>tum</span> <span class='ocrx_word' id='word_1_75' title='bbox 325 873 366 908; x_wconf 89' lang='lat' dir='ltr'>et</span> <span class='ocrx_word' id='word_1_76' title='bbox 406 871 599 908; x_wconf 88' lang='lat' dir='ltr'>audiendo</span> <span class='ocrx_word' id='word_1_77' title='bbox 640 872 755 917; x_wconf 84' lang='lat' dir='ltr'>vulgo</span> <span class='ocrx_word' id='word_1_78' title='bbox 796 871 1039 908; x_wconf 84' lang='lat' dir='ltr'>innotescere</span> <span class='ocrx_word' id='word_1_79' title='bbox 1083 871 1227 919; x_wconf 88' lang='lat' dir='ltr'>scripta</span> <span class='ocrx_word' id='word_1_80' title='bbox 1266 881 1337 907; x_wconf 89' lang='lat' dir='ltr'>sua</span> <span class='ocrx_word' id='word_1_81' title='bbox 1378 880 1536 918; x_wconf 89' lang='lat' dir='ltr'>passum</span> 
     </span>
     <span class='ocr_line' id='line_1_12' title="bbox 208 931 1535 982; baseline -0.003 -12"><span class='ocrx_word' id='word_1_82' title='bbox 208 933 349 982; x_wconf 83' lang='lat' dir='ltr'>fuisse,</span> <span class='ocrx_word' id='word_1_83' title='bbox 389 943 515 980; x_wconf 87' lang='lat' dir='ltr'>neque</span> <span class='ocrx_word' id='word_1_84' title='bbox 564 932 849 980; x_wconf 84' lang='lat' dir='ltr'>exemplaribus</span> <span class='ocrx_word' id='word_1_85' title='bbox 896 932 970 968; x_wconf 89' lang='lat' dir='ltr'>fide</span> <span class='ocrx_word' id='word_1_86' title='bbox 1022 932 1225 979; x_wconf 83' lang='lat' dir='ltr'>descriptis</span> <span class='ocrx_word' id='word_1_87' title='bbox 1272 931 1535 968; x_wconf 86' lang='lat' dir='ltr'>mutilationes</span> 
     </span>
     <span class='ocr_line' id='line_1_13' title="bbox 208 992 1535 1040; baseline -0.002 -9"><span class='ocrx_word' id='word_1_88' title='bbox 208 994 319 1031; x_wconf 87' lang='lat' dir='ltr'>lividi</span> <span class='ocrx_word' id='word_1_89' title='bbox 357 994 623 1030; x_wconf 84' lang='lat' dir='ltr'>Pantilliorum</span> <span class='ocrx_word' id='word_1_90' title='bbox 671 993 796 1039; x_wconf 84' lang='lat' dir='ltr'>gregis</span> <span class='ocrx_word' id='word_1_91' title='bbox 849 995 888 1030; x_wconf 92' lang='lat' dir='ltr'>et</span> <span class='ocrx_word' id='word_1_92' title='bbox 939 993 1235 1040; x_wconf 80' lang='lat' dir='ltr'>depravationes</span> <span class='ocrx_word' id='word_1_93' title='bbox 1287 992 1422 1029; x_wconf 88' lang='lat' dir='ltr'>sedulo</span> <span class='ocrx_word' id='word_1_94' title='bbox 1474 1002 1535 1028; x_wconf 88' lang='lat' dir='ltr'>ca-</span> 
     </span>
     <span class='ocr_line' id='line_1_14' title="bbox 210 1051 1535 1103; baseline -0.002 -12"><span class='ocrx_word' id='word_1_95' title='bbox 210 1051 339 1091; x_wconf 55' lang='lat' dir='ltr'>visset</span> <span class='ocrx_word' id='word_1_96' title='bbox 412 1055 562 1091; x_wconf 88' lang='lat' dir='ltr'>Eumne</span> <span class='ocrx_word' id='word_1_97' title='bbox 603 1055 729 1100; x_wconf 85' lang='lat' dir='ltr'>legem</span> <span class='ocrx_word' id='word_1_98' title='bbox 774 1065 889 1101; x_wconf 88' lang='lat' dir='ltr'>quam</span> <span class='ocrx_word' id='word_1_99' title='bbox 934 1055 1071 1101; x_wconf 87' lang='lat' dir='ltr'>postea</span> <span class='ocrx_word' id='word_1_100' title='bbox 1111 1054 1285 1101; x_wconf 81' lang='lat' dir='ltr'>scripsit:</span> <span class='ocrx_word' id='word_1_101' title='bbox 1323 1063 1535 1103; x_wconf 75' lang='lat' dir='ltr'>„nonum-</span> 
     </span>
     <span class='ocr_line' id='line_1_15' title="bbox 207 1113 1535 1164; baseline -0.002 -12"><span class='ocrx_word' id='word_1_102' title='bbox 207 1126 286 1164; x_wconf 90' lang='lat' dir='ltr'>que</span> <span class='ocrx_word' id='word_1_103' title='bbox 322 1120 535 1162; x_wconf 80' lang='lat' dir='ltr'>prematur</span> <span class='ocrx_word' id='word_1_104' title='bbox 575 1117 620 1152; x_wconf 79' lang='lat' dir='ltr'>in</span> <span class='ocrx_word' id='word_1_105' title='bbox 662 1116 845 1152; x_wconf 61' lang='lat' dir='ltr'>annum2⁹</span> <span class='ocrx_word' id='word_1_106' title='bbox 889 1115 985 1151; x_wconf 88' lang='lat' dir='ltr'>adeo</span> <span class='ocrx_word' id='word_1_107' title='bbox 1020 1114 1062 1150; x_wconf 91' lang='lat' dir='ltr'>in</span> <span class='ocrx_word' id='word_1_108' title='bbox 1096 1115 1322 1151; x_wconf 83' lang='lat' dir='ltr'>Sermonum</span> <span class='ocrx_word' id='word_1_109' title='bbox 1366 1113 1535 1150; x_wconf 88' lang='lat' dir='ltr'>editione</span> 
     </span>
     <span class='ocr_line' id='line_1_16' title="bbox 207 1175 1534 1225; baseline -0.001 -14"><span class='ocrx_word' id='word_1_110' title='bbox 207 1176 414 1225; x_wconf 85' lang='lat' dir='ltr'>migrasse,</span> <span class='ocrx_word' id='word_1_111' title='bbox 441 1177 506 1225; x_wconf 91' lang='lat' dir='ltr'>ut,</span> <span class='ocrx_word' id='word_1_112' title='bbox 535 1175 568 1211; x_wconf 92' lang='lat' dir='ltr'>si</span> <span class='ocrx_word' id='word_1_113' title='bbox 593 1176 790 1222; x_wconf 90' lang='lat' dir='ltr'>vulgarem</span> <span class='ocrx_word' id='word_1_114' title='bbox 817 1176 990 1224; x_wconf 86' lang='lat' dir='ltr'>sequaris</span> <span class='ocrx_word' id='word_1_115' title='bbox 1016 1176 1218 1225; x_wconf 86' lang='lat' dir='ltr'>rationem,</span> <span class='ocrx_word' id='word_1_116' title='bbox 1246 1175 1294 1212; x_wconf 89' lang='lat' dir='ltr'>ab</span> <span class='ocrx_word' id='word_1_117' title='bbox 1322 1185 1423 1211; x_wconf 91' lang='lat' dir='ltr'>anno</span> <span class='ocrx_word' id='word_1_118' title='bbox 1444 1186 1481 1211; x_wconf 79' lang='lat' dir='ltr'>U.</span> <span class='ocrx_word' id='word_1_119' title='bbox 1502 1185 1534 1210; x_wconf 88' lang='lat' dir='ltr'>c.</span> 
     </span>
     <span class='ocr_line' id='line_1_17' title="bbox 207 1235 1534 1286; baseline -0.001 -14"><span class='ocrx_word' id='word_1_120' title='bbox 207 1237 293 1273; x_wconf 84' lang='lat'>713.</span> <span class='ocrx_word' id='word_1_121' title='bbox 321 1247 443 1284; x_wconf 88' lang='lat' dir='ltr'>usque</span> <span class='ocrx_word' id='word_1_122' title='bbox 470 1236 520 1273; x_wconf 83' lang='lat' dir='ltr'>ad</span> <span class='ocrx_word' id='word_1_123' title='bbox 546 1237 654 1286; x_wconf 59' lang='lat'>726³„</span> <span class='ocrx_word' id='word_1_124' title='bbox 683 1237 716 1273; x_wconf 89' lang='lat' dir='ltr'>si</span> <span class='ocrx_word' id='word_1_125' title='bbox 742 1248 820 1274; x_wconf 90' lang='lat' dir='ltr'>non</span> <span class='ocrx_word' id='word_1_126' title='bbox 845 1237 887 1272; x_wconf 89' lang='lat' dir='ltr'>in</span> <span class='ocrx_word' id='word_1_127' title='bbox 904 1237 1055 1273; x_wconf 85' lang='lat' dir='ltr'>scriniis</span> <span class='ocrx_word' id='word_1_128' title='bbox 1074 1237 1315 1273; x_wconf 86' lang='lat' dir='ltr'>membranas</span> <span class='ocrx_word' id='word_1_129' title='bbox 1334 1235 1534 1284; x_wconf 88' lang='lat' dir='ltr'>presserit,</span> 
     </span>
     <span class='ocr_line' id='line_1_18' title="bbox 207 1294 1536 1346; baseline -0.002 -11"><span class='ocrx_word' id='word_1_130' title='bbox 207 1299 312 1335; x_wconf 86' lang='lat' dir='ltr'>certe</span> <span class='ocrx_word' id='word_1_131' title='bbox 339 1308 579 1334; x_wconf 89' lang='lat' dir='ltr'>communem</span> <span class='ocrx_word' id='word_1_132' title='bbox 597 1309 728 1334; x_wconf 86' lang='lat' dir='ltr'>earum</span> <span class='ocrx_word' id='word_1_133' title='bbox 744 1298 951 1335; x_wconf 88' lang='lat' dir='ltr'>lectionem</span> <span class='ocrx_word' id='word_1_134' title='bbox 968 1294 1237 1346; x_wconf 59' lang='lat' dir='ltr'>prohibuerit?</span> <span class='ocrx_word' id='word_1_135' title='bbox 1288 1298 1431 1334; x_wconf 88' lang='lat' dir='ltr'>Mirum</span> <span class='ocrx_word' id='word_1_136' title='bbox 1447 1306 1536 1344; x_wconf 89' lang='lat' dir='ltr'>pro-</span> 
     </span>
     <span class='ocr_line' id='line_1_19' title="bbox 207 1358 1536 1408; baseline -0.002 -13"><span class='ocrx_word' id='word_1_137' title='bbox 207 1360 308 1396; x_wconf 85' lang='lat' dir='ltr'>fecto</span> <span class='ocrx_word' id='word_1_138' title='bbox 333 1359 375 1395; x_wconf 88' lang='lat' dir='ltr'>ni</span> <span class='ocrx_word' id='word_1_139' title='bbox 402 1359 498 1395; x_wconf 88' lang='lat' dir='ltr'>haec</span> <span class='ocrx_word' id='word_1_140' title='bbox 524 1361 563 1394; x_wconf 94' lang='lat' dir='ltr'>et</span> <span class='ocrx_word' id='word_1_141' title='bbox 589 1359 730 1395; x_wconf 86' lang='lat' dir='ltr'>similia</span> <span class='ocrx_word' id='word_1_142' title='bbox 765 1359 859 1395; x_wconf 80' lang='lat' dir='ltr'>talia</span> <span class='ocrx_word' id='word_1_143' title='bbox 886 1370 972 1395; x_wconf 91' lang='lat' dir='ltr'>esse</span> <span class='ocrx_word' id='word_1_144' title='bbox 999 1359 1165 1408; x_wconf 88' lang='lat' dir='ltr'>sentias,</span> <span class='ocrx_word' id='word_1_145' title='bbox 1195 1369 1291 1406; x_wconf 87' lang='lat' dir='ltr'>quae</span> <span class='ocrx_word' id='word_1_146' title='bbox 1317 1369 1396 1394; x_wconf 91' lang='lat' dir='ltr'>non</span> <span class='ocrx_word' id='word_1_147' title='bbox 1413 1358 1536 1394; x_wconf 92' lang='lat' dir='ltr'>solum</span> 
     </span>
     <span class='ocr_line' id='line_1_20' title="bbox 206 1418 1536 1467; baseline -0.002 -11"><span class='ocrx_word' id='word_1_148' title='bbox 206 1422 411 1467; x_wconf 84' lang='lat' dir='ltr'>utrumque</span> <span class='ocrx_word' id='word_1_149' title='bbox 437 1419 578 1456; x_wconf 91' lang='lat' dir='ltr'>librum</span> <span class='ocrx_word' id='word_1_150' title='bbox 604 1419 838 1466; x_wconf 85' lang='lat' dir='ltr'>conjunctim</span> <span class='ocrx_word' id='word_1_151' title='bbox 862 1420 1007 1467; x_wconf 86' lang='lat' dir='ltr'>publici</span> <span class='ocrx_word' id='word_1_152' title='bbox 1028 1420 1128 1465; x_wconf 88' lang='lat' dir='ltr'>juris</span> <span class='ocrx_word' id='word_1_153' title='bbox 1154 1421 1297 1455; x_wconf 87' lang='lat' dir='ltr'>factum</span> <span class='ocrx_word' id='word_1_154' title='bbox 1316 1429 1402 1454; x_wconf 89' lang='lat' dir='ltr'>esse</span> <span class='ocrx_word' id='word_1_155' title='bbox 1419 1418 1536 1454; x_wconf 87' lang='lat' dir='ltr'>vehe-</span> 
     </span>
     <span class='ocr_line' id='line_1_21' title="bbox 206 1479 1536 1529; baseline -0.002 -12"><span class='ocrx_word' id='word_1_156' title='bbox 206 1482 356 1517; x_wconf 87' lang='lat' dir='ltr'>menter</span> <span class='ocrx_word' id='word_1_157' title='bbox 399 1480 669 1529; x_wconf 86' lang='lat' dir='ltr'>dissuadeant,</span> <span class='ocrx_word' id='word_1_158' title='bbox 714 1479 783 1515; x_wconf 90' lang='lat' dir='ltr'>sed</span> <span class='ocrx_word' id='word_1_159' title='bbox 830 1480 1062 1516; x_wconf 85' lang='lat' dir='ltr'>contrariam</span> <span class='ocrx_word' id='word_1_160' title='bbox 1110 1480 1226 1516; x_wconf 85' lang='lat' dir='ltr'>etiam</span> <span class='ocrx_word' id='word_1_161' title='bbox 1267 1479 1457 1516; x_wconf 87' lang='lat' dir='ltr'>rationem</span> <span class='ocrx_word' id='word_1_162' title='bbox 1496 1480 1536 1514; x_wconf 90' lang='lat' dir='ltr'>et</span> 
     </span>
     <span class='ocr_line' id='line_1_22' title="bbox 207 1539 1536 1588; baseline -0.002 -10"><span class='ocrx_word' id='word_1_163' title='bbox 207 1541 429 1578; x_wconf 83' lang='lat' dir='ltr'>festinatam</span> <span class='ocrx_word' id='word_1_164' title='bbox 463 1541 619 1577; x_wconf 88' lang='lat' dir='ltr'>omnino</span> <span class='ocrx_word' id='word_1_165' title='bbox 655 1540 864 1576; x_wconf 88' lang='lat' dir='ltr'>editionem</span> <span class='ocrx_word' id='word_1_166' title='bbox 899 1541 1160 1588; x_wconf 82' lang='lat' dir='ltr'>comprobent.</span> <span class='ocrx_word' id='word_1_167' title='bbox 1220 1540 1303 1576; x_wconf 89' lang='lat' dir='ltr'>Nec</span> <span class='ocrx_word' id='word_1_168' title='bbox 1332 1539 1536 1587; x_wconf 83' lang='lat' dir='ltr'>quicquam</span> 
     </span>
     <span class='ocr_line' id='line_1_23' title="bbox 207 1600 1533 1650; baseline 0.001 -13"><span class='ocrx_word' id='word_1_169' title='bbox 207 1603 345 1650; x_wconf 82' lang='lat' dir='ltr'>agunt,</span> <span class='ocrx_word' id='word_1_170' title='bbox 374 1601 440 1648; x_wconf 90' lang='lat' dir='ltr'>qui</span> <span class='ocrx_word' id='word_1_171' title='bbox 467 1604 510 1636; x_wconf 92' lang='lat' dir='ltr'>ut</span> <span class='ocrx_word' id='word_1_172' title='bbox 536 1612 648 1637; x_wconf 87' lang='lat' dir='ltr'>suum</span> <span class='ocrx_word' id='word_1_173' title='bbox 673 1600 745 1636; x_wconf 86' lang='lat' dir='ltr'>tibi</span> <span class='ocrx_word' id='word_1_174' title='bbox 770 1600 979 1637; x_wconf 87' lang='lat' dir='ltr'>obtrudant</span> <span class='ocrx_word' id='word_1_175' title='bbox 1003 1601 1053 1637; x_wconf 87' lang='lat' dir='ltr'>ad</span> <span class='ocrx_word' id='word_1_176' title='bbox 1078 1600 1322 1637; x_wconf 87' lang='lat' dir='ltr'>notissimum</span> <span class='ocrx_word' id='word_1_177' title='bbox 1346 1601 1454 1638; x_wconf 83' lang='lat' dir='ltr'>illum</span> <span class='ocrx_word' id='word_1_178' title='bbox 1478 1601 1533 1637; x_wconf 90' lang='lat' dir='ltr'>lo-</span> 
     </span>
     <span class='ocr_line' id='line_1_24' title="bbox 207 1661 1135 1711; baseline -0.001 -12"><span class='ocrx_word' id='word_1_179' title='bbox 207 1673 292 1699; x_wconf 89' lang='lat' dir='ltr'>cum</span> <span class='ocrx_word' id='word_1_180' title='bbox 314 1663 546 1710; x_wconf 87' lang='lat' dir='ltr'>provocant,</span> <span class='ocrx_word' id='word_1_181' title='bbox 575 1661 641 1709; x_wconf 90' lang='lat' dir='ltr'>qui</span> <span class='ocrx_word' id='word_1_182' title='bbox 668 1663 727 1697; x_wconf 91' lang='lat' dir='ltr'>est</span> <span class='ocrx_word' id='word_1_183' title='bbox 751 1661 793 1696; x_wconf 93' lang='lat' dir='ltr'>in</span> <span class='ocrx_word' id='word_1_184' title='bbox 819 1662 896 1697; x_wconf 88' lang='lat' dir='ltr'>Sat.</span> <span class='ocrx_word' id='word_1_185' title='bbox 927 1662 961 1711; x_wconf 93' lang='lat' dir='ltr'>l,</span> <span class='ocrx_word' id='word_1_186' title='bbox 989 1662 1024 1698; x_wconf 85' lang='lat'>4.</span> <span class='ocrx_word' id='word_1_187' title='bbox 1052 1662 1135 1698; x_wconf 84' lang='lat'>71.:</span> 
     </span>
    </p>

    <p class='ocr_par' dir='ltr' id='par_1_3' title="bbox 404 1723 1484 1772">
     <span class='ocr_line' id='line_1_25' title="bbox 404 1723 1484 1772; baseline 0 -12"><span class='ocrx_word' id='word_1_188' title='bbox 404 1724 533 1760; x_wconf 81' lang='lat' dir='ltr'>Nulla</span> <span class='ocrx_word' id='word_1_189' title='bbox 555 1723 726 1759; x_wconf 82' lang='lat' dir='ltr'>taberna</span> <span class='ocrx_word' id='word_1_190' title='bbox 752 1732 860 1759; x_wconf 82' lang='lat' dir='ltr'>meos</span> <span class='ocrx_word' id='word_1_191' title='bbox 884 1723 1034 1760; x_wconf 75' lang='lat' dir='ltr'>habeat</span> <span class='ocrx_word' id='word_1_192' title='bbox 1056 1734 1187 1772; x_wconf 75' lang='lat' dir='ltr'>neque</span> <span class='ocrx_word' id='word_1_193' title='bbox 1209 1725 1297 1770; x_wconf 74' lang='lat' dir='ltr'>pica</span> <span class='ocrx_word' id='word_1_194' title='bbox 1321 1723 1484 1772; x_wconf 77' lang='lat' dir='ltr'>libellos,</span> 
     </span>
    </p>

    <p class='ocr_par' dir='ltr' id='par_1_4' title="bbox 207 1784 1533 1956">
     <span class='ocr_line' id='line_1_26' title="bbox 405 1784 1533 1833; baseline 0.001 -13"><span class='ocrx_word' id='word_1_195' title='bbox 405 1784 504 1828; x_wconf 76' lang='lat' dir='ltr'>Quis</span> <span class='ocrx_word' id='word_1_196' title='bbox 528 1794 679 1820; x_wconf 81' lang='lat' dir='ltr'>manus</span> <span class='ocrx_word' id='word_1_197' title='bbox 705 1785 867 1820; x_wconf 75' lang='lat' dir='ltr'>insudet</span> <span class='ocrx_word' id='word_1_198' title='bbox 890 1785 1000 1831; x_wconf 75' lang='lat' dir='ltr'>vulyi</span> <span class='ocrx_word' id='word_1_199' title='bbox 1024 1785 1366 1833; x_wconf 76' lang='lat' dir='ltr'>Hermoyene&#39;sque</span> <span class='ocrx_word' id='word_1_200' title='bbox 1384 1785 1533 1833; x_wconf 75' lang='lat' dir='ltr'>Tiyelli,</span> 
     </span>
     <span class='ocr_line' id='line_1_27' title="bbox 209 1841 1531 1897; baseline 0 -16"><span class='ocrx_word' id='word_1_201' title='bbox 209 1844 354 1881; x_wconf 86' lang='lat' dir='ltr'>scilicet</span> <span class='ocrx_word' id='word_1_202' title='bbox 388 1844 436 1880; x_wconf 91' lang='lat' dir='ltr'>de</span> <span class='ocrx_word' id='word_1_203' title='bbox 471 1843 664 1880; x_wconf 84' lang='lat' dir='ltr'>industria</span> <span class='ocrx_word' id='word_1_204' title='bbox 697 1844 904 1880; x_wconf 85' lang='lat' dir='ltr'>reticentes</span> <span class='ocrx_word' id='word_1_205' title='bbox 940 1855 1038 1891; x_wconf 90' lang='lat' dir='ltr'>quae</span> <span class='ocrx_word' id='word_1_206' title='bbox 1076 1846 1209 1882; x_wconf 88' lang='lat' dir='ltr'>statim</span> <span class='ocrx_word' id='word_1_207' title='bbox 1243 1847 1428 1893; x_wconf 88' lang='lat' dir='ltr'>sequntur</span> <span class='ocrx_word' id='word_1_208' title='bbox 1453 1841 1531 1897; x_wconf 89' lang='lat' dir='ltr'>(vs.</span> 
     </span>
     <span class='ocr_line' id='line_1_28' title="bbox 207 1900 469 1956; baseline 0 -16"><span class='ocrx_word' id='word_1_209' title='bbox 207 1905 267 1941; x_wconf 84' lang='lat'>73.</span> <span class='ocrx_word' id='word_1_210' title='bbox 296 1907 337 1940; x_wconf 87' lang='lat' dir='ltr'>et</span> <span class='ocrx_word' id='word_1_211' title='bbox 364 1900 469 1956; x_wconf 84' lang='lat'>74.):</span> 
     </span>
    </p>

    <p class='ocr_par' dir='ltr' id='par_1_5' title="bbox 405 1966 1531 2017">
     <span class='ocr_line' id='line_1_29' title="bbox 405 1966 1531 2017; baseline 0.003 -16"><span class='ocrx_word' id='word_1_212' title='bbox 405 1966 490 2003; x_wconf 83' lang='lat' dir='ltr'>Nec</span> <span class='ocrx_word' id='word_1_213' title='bbox 513 1968 677 2004; x_wconf 80' lang='lat' dir='ltr'>recitem</span> <span class='ocrx_word' id='word_1_214' title='bbox 705 1968 896 2015; x_wconf 76' lang='lat' dir='ltr'>cuiquam</span> <span class='ocrx_word' id='word_1_215' title='bbox 922 1967 1003 2003; x_wconf 72' lang='lat' dir='ltr'>nisi</span> <span class='ocrx_word' id='word_1_216' title='bbox 1031 1968 1184 2017; x_wconf 70' lang='lat' dir='ltr'>amicis,</span> <span class='ocrx_word' id='word_1_217' title='bbox 1209 1968 1331 2016; x_wconf 81' lang='lat' dir='ltr'>idque</span> <span class='ocrx_word' id='word_1_218' title='bbox 1356 1971 1531 2016; x_wconf 75' lang='lat' dir='ltr'>coactus,</span> 
     </span>
    </p>

    <p class='ocr_par' dir='ltr' id='par_1_6' title="bbox 204 2026 1531 2626">
     <span class='ocr_line' id='line_1_30' title="bbox 404 2026 1217 2075; baseline 0.002 -14"><span class='ocrx_word' id='word_1_219' title='bbox 404 2026 497 2063; x_wconf 85' lang='lat' dir='ltr'>Non</span> <span class='ocrx_word' id='word_1_220' title='bbox 522 2026 652 2063; x_wconf 70' lang='lat' dir='ltr'>ubivis</span> <span class='ocrx_word' id='word_1_221' title='bbox 679 2038 867 2065; x_wconf 82' lang='lat' dir='ltr'>coramve</span> <span class='ocrx_word' id='word_1_222' title='bbox 890 2029 1139 2075; x_wconf 76' lang='lat' dir='ltr'>quibuslibet.</span> <span class='ocrx_word' id='word_1_223' title='bbox 1166 2049 1217 2055; x_wconf 94' lang='lat'>—-</span> 
     </span>
     <span class='ocr_line' id='line_1_31' title="bbox 207 2085 1531 2135; baseline 0.002 -14"><span class='ocrx_word' id='word_1_224' title='bbox 207 2085 308 2122; x_wconf 90' lang='lat' dir='ltr'>unde</span> <span class='ocrx_word' id='word_1_225' title='bbox 336 2085 488 2122; x_wconf 90' lang='lat' dir='ltr'>abunde</span> <span class='ocrx_word' id='word_1_226' title='bbox 515 2088 624 2134; x_wconf 86' lang='lat' dir='ltr'>patet</span> <span class='ocrx_word' id='word_1_227' title='bbox 650 2090 799 2124; x_wconf 87' lang='lat' dir='ltr'>maturo</span> <span class='ocrx_word' id='word_1_228' title='bbox 826 2088 1033 2124; x_wconf 85' lang='lat' dir='ltr'>admodum</span> <span class='ocrx_word' id='word_1_229' title='bbox 1067 2091 1240 2135; x_wconf 90' lang='lat' dir='ltr'>tempore</span> <span class='ocrx_word' id='word_1_230' title='bbox 1266 2088 1362 2125; x_wconf 88' lang='lat' dir='ltr'>haec</span> <span class='ocrx_word' id='word_1_231' title='bbox 1388 2088 1531 2135; x_wconf 86' lang='lat' dir='ltr'>scripta</span> 
     </span>
     <span class='ocr_line' id='line_1_32' title="bbox 208 2146 1529 2198; baseline 0.003 -16"><span class='ocrx_word' id='word_1_232' title='bbox 208 2157 315 2194; x_wconf 87' lang='lat' dir='ltr'>esse,</span> <span class='ocrx_word' id='word_1_233' title='bbox 343 2157 418 2193; x_wconf 92' lang='lat' dir='ltr'>quo</span> <span class='ocrx_word' id='word_1_234' title='bbox 436 2147 607 2183; x_wconf 86' lang='lat' dir='ltr'>nondum</span> <span class='ocrx_word' id='word_1_235' title='bbox 623 2148 750 2194; x_wconf 87' lang='lat' dir='ltr'>ipsum</span> <span class='ocrx_word' id='word_1_236' title='bbox 771 2148 873 2194; x_wconf 86' lang='lat' dir='ltr'>juvit</span> <span class='ocrx_word' id='word_1_237' title='bbox 891 2150 1211 2198; x_wconf 72' lang='lat' dir='ltr'>„Immemorata</span> <span class='ocrx_word' id='word_1_238' title='bbox 1233 2146 1428 2195; x_wconf 79' lang='lat' dir='ltr'>ferentem</span> <span class='ocrx_word' id='word_1_239' title='bbox 1452 2150 1529 2186; x_wconf 79' lang='lat' dir='ltr'>In-</span> 
     </span>
     <span class='ocr_line' id='line_1_33' title="bbox 204 2209 1527 2258; baseline 0.002 -15"><span class='ocrx_word' id='word_1_240' title='bbox 204 2209 349 2255; x_wconf 70' lang='lat' dir='ltr'>qenais</span> <span class='ocrx_word' id='word_1_241' title='bbox 382 2210 587 2256; x_wconf 77' lang='lat' dir='ltr'>oculisque</span> <span class='ocrx_word' id='word_1_242' title='bbox 620 2210 697 2256; x_wconf 74' lang='lat' dir='ltr'>que&#39;</span> <span class='ocrx_word' id='word_1_243' title='bbox 730 2210 996 2257; x_wconf 75' lang='lat' dir='ltr'>manibusque</span> <span class='ocrx_word' id='word_1_244' title='bbox 1036 2212 1207 2258; x_wconf 69' lang='lat' dir='ltr'>teneri⁷²‚</span> <span class='ocrx_word' id='word_1_245' title='bbox 1251 2212 1294 2246; x_wconf 92' lang='lat' dir='ltr'>ut</span> <span class='ocrx_word' id='word_1_246' title='bbox 1327 2210 1382 2246; x_wconf 90' lang='lat' dir='ltr'>ait</span> <span class='ocrx_word' id='word_1_247' title='bbox 1416 2210 1527 2258; x_wconf 91' lang='lat' dir='ltr'>epist.</span> 
     </span>
     <span class='ocr_line' id='line_1_34' title="bbox 208 2267 1528 2320; baseline 0.003 -17"><span class='ocrx_word' id='word_1_248' title='bbox 208 2268 246 2317; x_wconf 83' lang='lat' dir='ltr'>l,</span> <span class='ocrx_word' id='word_1_249' title='bbox 275 2267 333 2304; x_wconf 86' lang='lat'>19.</span> <span class='ocrx_word' id='word_1_250' title='bbox 349 2268 424 2317; x_wconf 61' lang='lat'>33„</span> <span class='ocrx_word' id='word_1_251' title='bbox 453 2279 605 2317; x_wconf 89' lang='lat' dir='ltr'>quoque</span> <span class='ocrx_word' id='word_1_252' title='bbox 624 2271 804 2317; x_wconf 88' lang='lat' dir='ltr'>poemata</span> <span class='ocrx_word' id='word_1_253' title='bbox 821 2269 991 2306; x_wconf 90' lang='lat' dir='ltr'>nondum</span> <span class='ocrx_word' id='word_1_254' title='bbox 1009 2269 1213 2318; x_wconf 86' lang='lat' dir='ltr'>descriptis</span> <span class='ocrx_word' id='word_1_255' title='bbox 1232 2270 1528 2320; x_wconf 85' lang='lat' dir='ltr'>exemplaribus,</span> 
     </span>
     <span class='ocr_line' id='line_1_35' title="bbox 208 2327 1529 2380; baseline 0.003 -16"><span class='ocrx_word' id='word_1_256' title='bbox 208 2327 277 2364; x_wconf 90' lang='lat' dir='ltr'>sed</span> <span class='ocrx_word' id='word_1_257' title='bbox 301 2339 452 2365; x_wconf 90' lang='lat' dir='ltr'>rumore</span> <span class='ocrx_word' id='word_1_258' title='bbox 478 2331 628 2367; x_wconf 89' lang='lat' dir='ltr'>tantum</span> <span class='ocrx_word' id='word_1_259' title='bbox 654 2332 693 2366; x_wconf 88' lang='lat' dir='ltr'>et</span> <span class='ocrx_word' id='word_1_260' title='bbox 718 2341 784 2367; x_wconf 88' lang='lat' dir='ltr'>ore</span> <span class='ocrx_word' id='word_1_261' title='bbox 818 2331 1014 2368; x_wconf 90' lang='lat' dir='ltr'>hominum</span> <span class='ocrx_word' id='word_1_262' title='bbox 1039 2334 1248 2379; x_wconf 86' lang='lat' dir='ltr'>propagata</span> <span class='ocrx_word' id='word_1_263' title='bbox 1273 2331 1377 2380; x_wconf 91' lang='lat' dir='ltr'>apud</span> <span class='ocrx_word' id='word_1_264' title='bbox 1393 2332 1529 2378; x_wconf 89' lang='lat' dir='ltr'>vulgus</span> 
     </span>
     <span class='ocr_line' id='line_1_36' title="bbox 207 2389 1529 2439; baseline 0.005 -15"><span class='ocrx_word' id='word_1_265' title='bbox 207 2389 463 2426; x_wconf 88' lang='lat' dir='ltr'>innotuerant.</span> <span class='ocrx_word' id='word_1_266' title='bbox 516 2391 645 2439; x_wconf 89' lang='lat' dir='ltr'>Atque</span> <span class='ocrx_word' id='word_1_267' title='bbox 672 2403 758 2428; x_wconf 90' lang='lat' dir='ltr'>cum</span> <span class='ocrx_word' id='word_1_268' title='bbox 784 2392 833 2428; x_wconf 90' lang='lat' dir='ltr'>ob</span> <span class='ocrx_word' id='word_1_269' title='bbox 861 2392 956 2429; x_wconf 87' lang='lat' dir='ltr'>haec</span> <span class='ocrx_word' id='word_1_270' title='bbox 984 2395 1023 2428; x_wconf 87' lang='lat' dir='ltr'>et</span> <span class='ocrx_word' id='word_1_271' title='bbox 1049 2393 1125 2429; x_wconf 86' lang='lat' dir='ltr'>alia</span> <span class='ocrx_word' id='word_1_272' title='bbox 1151 2393 1294 2430; x_wconf 86' lang='lat' dir='ltr'>indicia</span> <span class='ocrx_word' id='word_1_273' title='bbox 1320 2393 1438 2430; x_wconf 86' lang='lat' dir='ltr'>satira</span> <span class='ocrx_word' id='word_1_274' title='bbox 1462 2393 1529 2430; x_wconf 83' lang='lat' dir='ltr'>illa</span> 
     </span>
     <span class='ocr_line' id='line_1_37' title="bbox 207 2450 1528 2501; baseline 0.003 -16"><span class='ocrx_word' id='word_1_275' title='bbox 207 2460 308 2486; x_wconf 89' lang='lat' dir='ltr'>anno</span> <span class='ocrx_word' id='word_1_276' title='bbox 334 2450 418 2486; x_wconf 83' lang='lat'>716.</span> <span class='ocrx_word' id='word_1_277' title='bbox 446 2451 679 2497; x_wconf 86' lang='lat' dir='ltr'>assignanda</span> <span class='ocrx_word' id='word_1_278' title='bbox 706 2453 775 2489; x_wconf 79' lang='lat' dir='ltr'>sit:</span> <span class='ocrx_word' id='word_1_279' title='bbox 809 2464 922 2489; x_wconf 91' lang='lat' dir='ltr'>nemo</span> <span class='ocrx_word' id='word_1_280' title='bbox 957 2453 1066 2490; x_wconf 84' lang='lat' dir='ltr'>facile</span> <span class='ocrx_word' id='word_1_281' title='bbox 1101 2454 1300 2501; x_wconf 84' lang='lat' dir='ltr'>negaverit</span> <span class='ocrx_word' id='word_1_282' title='bbox 1328 2454 1528 2491; x_wconf 90' lang='lat' dir='ltr'>Horatium</span> 
     </span>
     <span class='ocr_line' id='line_1_38' title="bbox 207 2511 1528 2563; baseline 0.003 -17"><span class='ocrx_word' id='word_1_283' title='bbox 207 2512 296 2557; x_wconf 89' lang='lat' dir='ltr'>post</span> <span class='ocrx_word' id='word_1_284' title='bbox 320 2511 527 2549; x_wconf 90' lang='lat' dir='ltr'>triennium</span> <span class='ocrx_word' id='word_1_285' title='bbox 553 2513 633 2549; x_wconf 89' lang='lat' dir='ltr'>fere</span> <span class='ocrx_word' id='word_1_286' title='bbox 672 2512 718 2549; x_wconf 90' lang='lat' dir='ltr'>de</span> <span class='ocrx_word' id='word_1_287' title='bbox 753 2517 973 2561; x_wconf 87' lang='lat' dir='ltr'>poematum</span> <span class='ocrx_word' id='word_1_288' title='bbox 1008 2514 1175 2552; x_wconf 90' lang='lat' dir='ltr'>editione</span> <span class='ocrx_word' id='word_1_289' title='bbox 1209 2516 1321 2562; x_wconf 84' lang='lat' dir='ltr'>longe</span> <span class='ocrx_word' id='word_1_290' title='bbox 1356 2515 1528 2563; x_wconf 85' lang='lat' dir='ltr'>potuisse</span> 
     </span>
     <span class='ocr_line' id='line_1_39' title="bbox 208 2571 1427 2626; baseline 0.006 -19"><span class='ocrx_word' id='word_1_291' title='bbox 208 2571 319 2608; x_wconf 88' lang='lat' dir='ltr'>aliter</span> <span class='ocrx_word' id='word_1_292' title='bbox 344 2573 498 2610; x_wconf 84' lang='lat' dir='ltr'>sentire.</span> <span class='ocrx_word' id='word_1_293' title='bbox 551 2573 602 2610; x_wconf 91' lang='lat' dir='ltr'>Et</span> <span class='ocrx_word' id='word_1_294' title='bbox 629 2576 770 2621; x_wconf 84' lang='lat' dir='ltr'>quanto</span> <span class='ocrx_word' id='word_1_295' title='bbox 798 2576 922 2612; x_wconf 85' lang='lat' dir='ltr'>secius</span> <span class='ocrx_word' id='word_1_296' title='bbox 944 2575 1094 2622; x_wconf 85' lang='lat' dir='ltr'>judicat</span> <span class='ocrx_word' id='word_1_297' title='bbox 1121 2577 1197 2614; x_wconf 91' lang='lat' dir='ltr'>Sat.</span> <span class='ocrx_word' id='word_1_298' title='bbox 1217 2576 1254 2626; x_wconf 87' lang='lat'>2,</span> <span class='ocrx_word' id='word_1_299' title='bbox 1284 2576 1317 2614; x_wconf 89' lang='lat'>1.</span> <span class='ocrx_word' id='word_1_300' title='bbox 1346 2576 1427 2613; x_wconf 84' lang='lat'>45.:</span> 
     </span>
    </p>
   </div>
  </div>
 </body>
</html>
