1643 2959
20 2826 34 2959 -
15 2058 33 2821 -‚ss-‚—-;m

4 0 30 2025 ,ww

716 217 1002 260 —115—

186 329 279 367 bina
303 338 437 366 mense
463 328 673 366 Decembri
699 339 733 366 a.
761 329 848 367 721.
877 328 1021 377 scripta
1058 329 1128 364 est.
1148 323 1187 379 ¹)
1239 327 1395 364 Annum
1421 326 1520 363 indi-

186 392 277 428 cant
302 402 339 427 v.
370 390 454 428 180.
483 392 522 426 et
548 401 584 426 v.
615 389 723 427 185.:

921 472 972 479 —-
997 473 1048 479 —
1075 451 1197 501 „Jure

385 512 559 551 Jurando
586 513 829 560 obstringam
855 514 988 551 ambo:
1016 515 1104 549 uter
1131 514 1275 551 aedilis
1298 514 1463 550 fueritve

388 576 575 613 Vestrum
597 580 776 625 praetor,
802 578 838 613 is
863 575 1100 614 intestabilis
1126 579 1166 613 ec
1189 586 1298 612 sacer
1324 577 1419 612 esto.

386 699 543 736 Scilicet
568 701 612 735 ut
638 699 811 749 plausus,
838 710 939 748 quos
961 696 1044 745 fert
1067 697 1262 747 Ayrippa,
1287 699 1388 735 feras
1415 700 1473 749 tu,

383 760 528 797 Astuta
554 761 768 806 ingenuum
793 761 930 807 volpes
956 760 1108 796 imitata
1132 756 1350 796 leonem‘W

183 832 280 870 quos
306 822 349 858 in
364 822 522 859 laudem
548 824 589 858 et
614 821 804 858 honorem
820 822 874 857 M.
893 821 1072 868 Vipsanii
1090 820 1296 868 Ayrz'ppae
1321 823 1437 868 poeta
1462 822 1521 857 in-

182 883 386 931 terposuit.
439 883 477 920 Is
506 883 610 920 enim
636 895 670 919 a.
700 883 786 919 721.
816 884 954 930 sponte
990 881 1202 918 aedilitatis
1229 893 1367 918 munus
1403 882 1523 919 subiit

181 946 222 981 et
247 947 327 982 tam
361 945 464 982 ludis
500 945 739 982 circensibus
782 946 823 981 et
862 943 1094 992 spectaculis
1137 943 1522 990 magnificentissime

181 1007 380 1056 apparatis
408 1017 525 1055 quam
541 1007 708 1055 publicis
726 1006 911 1043 aedificiis
928 1005 1187 1054 pulcherrime
1207 1006 1416 1043 exstructis
1436 1017 1523 1043 eam

181 1069 287 1117 apud
321 1070 510 1117 populum
543 1070 761 1106 Romanum
794 1068 882 1104 iniit
916 1068 1102 1117 gratiam,
1130 1070 1194 1117 ut,
1223 1068 1455 1115 ubicumque
1481 1068 1524 1104 in

180 1130 264 1176 ejus
293 1134 544 1179 conspectum
569 1131 742 1180 veniret,
778 1130 929 1177 ingenti
963 1130 1102 1178 plausu
1137 1129 1384 1177 exciperetur
1422 1124 1523 1180 (Dio

180 1192 242 1242 49,
271 1193 330 1229 43.
358 1192 455 1230 Plin.
485 1193 522 1229 h.
551 1203 588 1228 n.
617 1192 680 1242 36,
711 1189 806 1244 la).
862 1193 969 1228 Haec
997 1191 1117 1237 igitur
1135 1191 1283 1236 gratiae
1302 1190 1521 1238 captandae

179 1264 319 1290 caussa
335 1255 521 1291 Horatius
548 1254 707 1290 intrusit
725 1253 910 1302 poemati,
937 1263 1010 1289 nec
1037 1252 1113 1288 alio
1130 1253 1304 1299 profecto
1331 1254 1522 1302 tempore,

181 1325 299 1363 quam
326 1326 402 1363 quo
429 1316 628 1363 Agrippae
656 1326 799 1352 nomen
826 1314 875 1350 ob
905 1313 1062 1359 egregia
1087 1314 1211 1362 facta,
1239 1323 1339 1360 quae
1368 1315 1522 1360 togatus

180 1379 402 1427 perageret,
429 1377 471 1414 in
497 1377 670 1414 omnium
696 1388 790 1413 aure
818 1377 858 1412 et
884 1386 950 1411 ore
979 1374 1177 1411 haerebat.
1239 1375 1365 1412 Nemo
1392 1377 1523 1412 autem

178 1437 285 1488 inde,
313 1438 419 1486 quod
445 1449 492 1474 ea
517 1439 638 1476 verba
665 1437 805 1476 Servio
831 1436 1002 1486 Oppidio
1022 1436 1218 1474 Canusino
1244 1436 1392 1473 tributa
1418 1438 1522 1487 sunt,

179 1500 248 1548 qui
980 1498 1119 1547 „dives

381 1562 556 1609 Antiquo
584 1572 717 1611 censu,
747 1561 875 1607 gnatis
903 1560 1047 1596 divisse
1077 1559 1228 1597 duobus

379 1624 529 1662 Fertur
556 1626 596 1659 et
623 1623 719 1659 haec
746 1622 918 1658 moriens
945 1621 1078 1668 pueris
1106 1621 1252 1658 dixisse
1281 1622 1429 1660 vocatis

379 1685 443 1722 Ad
469 1683 640 1722 lectum“
668 1706 719 1712 —

179 1748 347 1797 colliget,
375 1747 536 1783 satiram
561 1747 683 1783 multo
708 1748 799 1795 post
824 1748 990 1783 mortem
1007 1745 1132 1782 Servii
1149 1744 1283 1793 Opidii
1311 1748 1350 1782 et
1375 1744 1521 1782 idcirco

178 1809 302 1847 multo
327 1810 418 1857 post
444 1808 686 1845 aedilitatem
711 1808 911 1856 Agrippae
947 1807 1201 1855 compositam
1235 1818 1334 1843 esse.
1388 1807 1521 1844 Facile

179 1871 285 1908 enim
311 1871 372 1907 est
397 1870 447 1906 ad
473 1869 784 1919 intelligendum,
811 1869 1017 1906 Horatium
1044 1871 1166 1904 totam
1191 1868 1519 1905 narratiunculam

178 1942 259 1970 non
285 1931 336 1968 ad
361 1931 568 1968 veritatem
595 1931 837 1980 depinxisse,
866 1929 936 1965 scd
962 1930 1012 1966 ad
1034 1929 1238 1966 arbitrium
1256 1930 1518 1966 conformasse

150 1996 221 2037 ‚et
246 1994 288 2030 in
313 2004 427 2030 usum
454 2003 567 2028 suum
603 1992 856 2029 convertisse.
916 1991 969 2028 Ut
1002 1992 1270 2028 Nomentanus
1306 1993 1345 2027 et
1381 1991 1518 2028 Cicuta

178 2057 356 2094 Romam·
389 2065 413 2091 a
451 2055 660 2092 Canusino
699 2055 933 2102 carpuntur,
978 2053 1044 2100 qui
1077 2054 1242 2089 fortasse
1276 2062 1326 2088 ne
1359 2053 1518 2090 nomina

180 2117 337 2166 quidem
372 2127 505 2153 eorum
538 2118 721 2152 noverat:
754 2115 811 2151 ita
843 2115 1029 2152 Horatius
1065 2115 1278 2163 Agrippam
1302 2114 1435 2151 laudat
1459 2114 1519 2152 in-

267 2251 307 2293 1)
337 2252 482 2283 Pristino
516 2251 775 2292 perfectissimae
805 2251 899 2291 huJus
933 2251 1056 2282 satirae
1094 2249 1192 2281 nitori
1230 2250 1447 2290 turpissimum
1485 2253 1519 2282 et

181 2300 420 2330 monstruosum
451 2306 556 2338 paene
587 2297 769 2337 scripturae
799 2297 914 2327 vitium
944 2296 987 2326 ad
1017 2296 1100 2326 hunc
1122 2304 1224 2335 usque
1248 2294 1331 2326 diem
1354 2295 1462 2327 offecit
1484 2296 1517 2327 in

180 2352 214 2373 v.
236 2342 332 2381 276„
358 2341 443 2383 quod
467 2341 578 2372 doleas
610 2351 688 2373 sane
718 2342 901 2382 nuperrime
934 2340 1185 2372 commendatum
1209 2349 1281 2371 esse
1304 2340 1407 2372 denuo
1424 2350 1444 2372 a
1467 2341 1516 2371 Cl.

181 2386 429 2418 Mitscherlichio
461 2387 494 2418 in
525 2387 710 2418 Racematt.
741 2385 895 2417 Venusin.
927 2386 1006 2417 fasc.
1029 2386 1071 2416 II.
1101 2384 1265 2426 (Gotting.
1288 2384 1406 2428 1829.)
1429 2396 1461 2427 p.
1485 2385 1516 2417 8.

184 2431 322 2474 Scripsit
343 2432 518 2470 Horatius,
542 2433 578 2463 ut
600 2431 692 2463 brevi
714 2431 915 2472 praecidam:

783 2476 875 2507 Adde
899 2485 1043 2507 cruorem

382 2523 550 2554 Stultitiae
573 2524 671 2563 atque
694 2522 800 2562 ignem
823 2521 929 2561 gladio
954 2523 1099 2553 scrutare
1121 2520 1232 2559 modo,
1257 2520 1294 2553 in
1317 2527 1415 2562 quem

381 2567 518 2599 Hellade
541 2576 696 2609 percussa
718 2566 840 2598 Marius
864 2575 935 2597 cum
958 2567 1152 2607 praecipitat
1174 2576 1229 2603 se,

383 2611 530 2645 Cei-ritus
553 2612 636 2645 fuit?
658 2631 704 2637 —-
728 2611 769 2643 cf.
793 2611 888 2653 epist.
911 2611 943 2650 1,
967 2610 1022 2644 18.
1046 2611 1088 2644 81
1113 2621 1160 2652 sq.

1193 2663 1252 2700 8*
