1643 2959
706 258 759 263 —
808 237 889 277 128
938 259 1018 270 ——--

186 344 252 381 riit
277 343 433 381 tandem
458 343 500 380 in
525 342 690 391 Sisciae,
717 343 940 381 Pannoniae
967 344 1097 393 urbis,
1134 345 1333 384 obsidione
1360 358 1393 385 a.
1421 347 1507 384 719.

184 402 282 457 (Dio
309 406 376 454 49,
405 401 499 456 37.).
1094 435 1097 437 .

281 467 404 512 Hujus
430 465 549 510 igitur
573 466 722 502 Menae
740 466 945 514 superbam
961 467 1220 517 insolentiam,
1247 469 1508 520 ambitionem,

177 528 428 576 jactationem
454 525 690 563 Scholiastae
708 528 896 565 affirmant
913 529 1117 566 Horatium
1142 529 1288 566 risisse.
1338 531 1510 574 Quorum

182 588 450 626 auctoritatem
483 589 628 624 temere
664 592 892 636 spreverunt
926 591 1100 638 plerique
1129 586 1327 643 (Masson.
1362 602 1400 639 p.
1437 592 1510 629 119

181 673 229 677 —
248 649 354 699 124.,
373 649 587 698 interpret„
615 649 771 686 Kirchn.
792 654 938 699 quaest.
968 663 1005 699 p.
1026 652 1084 689 21.
1106 650 1142 703 §.
1163 647 1269 704 40.),
1295 652 1510 689 rectissime

180 721 272 747 vero
299 711 362 747 hic
390 720 541 758 quoque
576 710 697 747 tuitus
733 714 792 747 est
826 716 914 760 post
951 714 1073 750 Carol.
1111 714 1230 750 Feam
1260 714 1512 751 Weichertus

178 772 221 808 in
247 774 349 821 poet.
377 772 444 808 rel.
472 783 510 819 p.
540 771 623 808 444.
677 773 777 809 Nam
810 774 978 821 primum
1016 776 1131 824 plane
1159 774 1414 823 improbabile
1449 776 1510 810 est

179 834 316 871 Scholl.
346 833 607 870 narrationem
634 845 684 869 ex
711 835 791 870 sola
818 836 1040 882 conjectura
1067 837 1128 872 vel
1146 836 1275 883 potius
1293 838 1511 872 commento

178 896 350 932 fluxisse.
405 894 556 932 Deinde
581 894 677 931 mire
695 898 875 932 convenit
900 899 1065 945 tempus,
1118 898 1217 934 Nam
1242 897 1329 945 ipso
1355 908 1388 934 a.
1408 896 1510 946 716„

178 967 254 1004 quo
290 956 456 1005 epodum
491 959 691 993 exaratum
726 969 811 993 esse
846 958 1035 1007 vidimus,
1078 959 1213 995 Menas
1249 958 1297 995 ab
1331 959 1509 1004 Augusto

179 1029 266 1054 cum
308 1018 394 1054 aliis
429 1017 640 1053 honoribus
677 1018 856 1066 affectus,
892 1021 975 1054 tum
1009 1020 1050 1054 in
1093 1022 1311 1066 equestrem
1350 1030 1509 1056 censum

177 1079 321 1115 relatus
349 1080 428 1127 est,
457 1079 513 1114 ita
538 1080 582 1114 ut
607 1081 724 1126 poeta
757 1079 960 1126 pristinam
992 1080 1027 1115 ei
1054 1079 1336 1125 ignobilitatem
1362 1081 1402 1115 et
1428 1090 1508 1116 ser-

178 1140 343 1176 vitutem
370 1139 609 1187 exprobrans
636 1141 677 1176 in
704 1141 872 1188 equitem
893 1152 1028 1178 recens
1048 1142 1191 1177 factum
1218 1141 1427 1178 salsissime
1452 1140 1508 1177 ita

177 1204 309 1250 posset
335 1201 467 1238 invehi
492 1213 527 1237 v.
558 1201 638 1237 15.:

375 1263 654 1313 Sedilibusque
680 1275 896 1313 maynus
920 1266 963 1302 in
988 1266 1131 1313 primis
1157 1274 1310 1313 eques

425 1323 577 1362 Ollzone
604 1330 821 1373 contempto
855 1329 973 1364 sedet.

174 1387 353 1434 Denique
380 1386 495 1422 nimis
522 1387 623 1422 levia
651 1389 739 1422 sunt
774 1391 1019 1437 argumenta,
1057 1388 1196 1435 quibus
1229 1387 1315 1423 fulti
1350 1385 1506 1422 Menam

176 1448 412 1484 intellectum
449 1459 534 1483 esse
569 1447 617 1483 ab
653 1449 814 1485 Horatio
848 1449 989 1485 infitias
1026 1451 1128 1485 cunt.
1181 1448 1337 1484 Menam
1362 1448 1506 1493 negant

175 1510 349 1558 potuisse
376 1509 556 1555 insigniri
579 1510 760 1558 „tribuni
785 1512 982 1547 φηίἰὶίιιηι)1
1007 1510 1184 1559 nomine,
1222 1510 1403 1558 quoniam
1428 1507 1506 1556 pri-

177 1572 265 1608 dem
292 1571 405 1608 classi
431 1571 686 1618 Pompejanae
723 1574 762 1607 et
797 1572 945 1608 duabus
980 1572 1115 1607 insulis
1146 1571 1323 1607 Corsicae
1351 1571 1391 1606 et
1417 1569 1504 1605 Sar-

176 1632 304 1668 diniae
333 1644 419 1668 cum
445 1633 568 1668 tribus
595 1633 810 1677 legionibus
838 1634 1054 1680 praefectus
1083 1628 1204 1684 (App.
1233 1631 1269 1667 b.
1295 1642 1325 1667 c.
1354 1631 1390 1680 5,
1420 1626 1502 1681 78.)

174 1693 420 1730 tribuniciam
447 1693 674 1738 dignitatem
707 1704 786 1729 non
818 1694 956 1729 leviter
991 1693 1203 1729 excesserit
1238 1694 1277 1728 et
1311 1691 1359 1728 ab
1388 1692 1502 1728 Octa·

174 1756 289 1791 viano
331 1766 409 1790 non
444 1755 621 1790 tribunus
658 1755 727 1790 sed
761 1755 909 1800 legatus
945 1756 1066 1790 factus
1103 1755 1153 1790 sit
1193 1749 1324 1805 (App.
1360 1752 1404 1801 5,
1440 1752 1500 1788 80.

171 1815 541 1866 ὑποστρατηγοῦντα
568 1814 625 1865 τῷ
651 1815 832 1866 ναυάρχῳ
850 1811 1106 1867 Καλουιςίῳ).
1153 1815 1273 1852 Recte
1289 1813 1446 1862 quidem
1463 1815 1502 1850 et

173 1878 222 1914 ad
248 1877 361 1914 fidem
388 1877 621 1913 historicam.
675 1878 727 1914 At
755 1877 857 1912 enim
885 1877 931 1913 de
958 1877 1122 1924 pristina
1140 1877 1279 1912 Menae
1299 1875 1500 1925 dignitate,

172 1949 248 1987 qua
284 1950 317 1975 a.
355 1939 440 1974 Sex.
478 1938 661 1986 Pompejo
698 1940 856 1974 ornatus
884 1940 986 1986 erat,
1023 1938 1135 1985 plane
1163 1937 1299 1985 nequit
1325 1936 1498 1985 cogitari,

172 2000 264 2049 quia
289 2000 472 2036 Horatius
501 2002 634 2047 aperte
669 2001 875 2037 tribunum
909 2002 1080 2036 militum
1115 1999 1391 2037 Octaviani
1417 2008 1498 2034 car-

172 2062 260 2109 psit.
315 2062 450 2097 Menas
479 2064 607 2097 autem
642 2064 709 2097 aut
743 2072 880 2097 revera
906 2061 977 2097 fuit
1004 2061 1181 2097 tribunus
1207 2061 1384 2108 militum,
1413 2069 1497 2096 cum

171 2123 267 2158 haec.
286 2122 472 2158 scriberet
499 2124 625 2171 poeta,
656 2125 694 2158 et
720 2125 856 2170 postea
884 2122 1036 2158 demum
1061 2122 1245 2168 majorem
1271 2121 1498 2167 dignitatem

171 2183 333 2231 adeptus
370 2186 450 2233 est,
486 2186 552 2220 aut
587 2195 672 2219 cum
708 2186 927 2231 contemptu
964 2195 1009 2220 eo
1044 2184 1155 2219 titulo
1190 2182 1396 2228 insignitur
1430 2184 1497 2218 aut

170 2255 306 2292 parum
333 2247 521 2281 accurate.
577 2246 689 2281 Certe
717 2245 819 2292 quod
847 2245 893 2280 de
924 2244 1133 2280 honoribus
1160 2244 1305 2280 tribuni
1331 2243 1495 2280 militum

170 2306 309 2341 Menae
335 2306 389 2341 nil
417 2307 578 2355 scimus,
614 2306 702 2342 inde
730 2306 834 2341 nulla
859 2308 988 2353 potest
1014 2316 1150 2342 caussa
1176 2306 1256 2353 peti
1267 2302 1285 2354 ,²
1306 2316 1381 2352 qua
1407 2315 1494 2341 eum

170 2366 243 2403 hoc
269 2367 310 2402 in
337 2368 503 2403 carmine
532 2368 751 2413 sugillatum
787 2379 871 2403 esse
906 2377 1036 2413 neges.
1091 2367 1195 2409 Quin
1220 2366 1427 2403 verisimile
1452 2366 1494 2401 fit

169 2428 372 2465 Horatium
399 2428 445 2463 de
473 2428 663 2465 industria
688 2439 824 2476 parum
850 2431 1027 2465 accurate
1062 2428 1232 2465 locutum
1267 2438 1374 2476 esse,
1416 2437 1492 2474 quo

170 2489 292 2540 magis
326 2491 449 2526 tectus
484 2489 547 2525 ille
582 2491 696 2527 homo
735 2490 882 2527 lateret.
951 2490 1104 2527 Deinde
1142 2488 1282 2536 injuria
1313 2489 1493 2525 haeretur

171 2550 212 2586 in
251 2561 317 2600 eo,
359 2550 462 2598 quod
499 2550 652 2587 infamis
692 2551 831 2587 Menae
879 2551 1040 2597 perfidia
1077 2561 1127 2586 ne
1168 2550 1287 2586 verbo
1336 2549 1490 2598 quidem

170 2614 380 2649 memorata
407 2612 467 2649 sit.
520 2612 619 2649 Nam
645 2622 678 2648 a.
716 2611 799 2648 716.
836 2611 1002 2659 primum
1028 2622 1051 2647 a
1083 2611 1266 2660 Pompejo
1301 2610 1349 2648 ad
1377 2611 1488 2649 Octa·

1615 721 1635 839 '³
