1643 2959
675 241 955 282 -143-

154 354 386 405 praesertim
419 362 506 389 cum
541 351 581 386 et
615 349 701 398 ipse
735 349 933 386 Brutianis
968 348 1144 396 partibus
1177 359 1256 386 non
1288 353 1333 387 ut
1364 348 1487 396 magis

153 419 253 454 alter
290 414 450 462 faverit,
489 412 547 448 ita
581 413 625 447 ut
650 410 814 448 Horatio
839 409 994 459 pridem
1020 409 1197 456 cognitus
1224 413 1265 447 et
1288 411 1488 448 famularis

152 478 273 515 fuisse
298 474 488 511 videatur.
538 472 617 510 Dio
643 472 667 509 l.
693 472 740 509 1..·
769 473 868 518 »καὶ
894 467 963 508 ἐπί
995 483 1038 508 τε
1064 473 1191 520 τούτῳ
1217 469 1376 509 ἔπαινον
1399 471 1489 522 ἔσχε

151 539 218 576 καῖ
243 534 305 574 ὅτι
330 533 512 572 Λούκιον
537 531 634 570 ἀνθ’
660 530 803 571 ἑαυτοῦ
827 531 999 580 Σήστιον
1026 530 1256 578 (iwanno,
1285 530 1350 570 ἀεί
1363 545 1405 570 τε
1430 530 1490 582 τῷ

150 596 323 650 Βρούτῳ
350 591 709 641 συσπουδάσαντα,
736 595 803 632 καὶ
828 591 868 631 ἒν
886 594 986 631 πᾶσι
1003 594 1085 639 τοῖς
1102 593 1295 642 πολέμοις
1313 603 1489 646 συστρα-

149 659 362 704 τεύσανϊα,
395 658 461 694 καῑ
495 655 552 694 ἔτι
578 657 644 693 καῖ
669 655 759 694 τότε
785 651 915 709 (731.)
940 656 1007 692 καῖ
1039 658 1335 704 μνημονεύοντα
1368 653 1490 692 αὐτοῦ

149 721 216 758 καῖ
259 717 410 764 εῖκόνας
448 716 587 768 ἔχοντα
625 718 692 755 καῖ
731 713 914 763 ἐπαίνους
953 716 1234 765 ποιούμενον.”
1286 716 1364 753 Sed
1402 717 1489 764 quis

148 782 262 832 inde,
303 780 409 829 quod
447 779 586 816 Scholl.
613 779 688 815 viri
715 779 927 815 consularis
954 778 1111 815 nomine
1151 790 1240 815 eum
1277 778 1490 824 insignive-

148 845 261 892 runt,
297 852 454 879 carmen
480 851 526 876 eo
554 841 640 887 ipso
668 850 791 889 anno,
832 851 910 887 quo
938 840 1072 876 consul
1110 840 1248 888 fuerit,
1289 841 1491 876 exaratum

149 916 237 942 esse
258 904 347 950 jure
383 898 616 939 concludat‘ss
668 901 790 937 Immo
824 903 869 937 ut
902 902 1023 938 multo
1063 900 1105 936 id
1143 901 1272 949 priore
1312 903 1488 948 tempore

148 968 292 1003 factum
325 965 462 1012 putes,
508 962 647 998 suadet
688 962 803 998 metri
838 962 1012 998 delectus
1048 962 1185 1009 epodis
1220 962 1414 1009 propioris
1450 963 1490 997 et

148 1026 253 1076 quod
278 1036 328 1062 ne
354 1024 476 1060 verbo
503 1022 662 1070 quidem
698 1023 841 1058 summi
876 1023 979 1058 illius
1014 1022 1173 1060 honoris
1208 1022 1354 1058 mentio
1388 1023 1490 1058 facta

148 1090 220 1125 est.
272 1084 533 1129 Quamobrem
559 1085 664 1119 recte
693 1084 857 1119 fortasse
887 1084 1033 1120 Grotef.
1062 1095 1098 1130 p.
1127 1083 1213 1119 468.
1241 1083 1278 1120 b.
1315 1083 1490 1129 eclogam

148 1149 198 1186 ad
224 1158 344 1184 mens.
371 1144 558 1184 Februar.
594 1155 627 1180 a.
655 1144 739 1181 725.
766 1145 908 1181 retulit.
961 1144 1170 1181 Praeterea
1205 1144 1372 1181 observa
1411 1145 1489 1182 Se-

145 1212 268 1247 stium
294 1209 336 1245 in
363 1205 596 1255 quibusdam
622 1205 737 1243 inser.
765 1207 805 1241 ct
831 1217 854 1242 a
873 1205 996 1242 Schol.
1013 1206 1200 1253 Porphyr.
1214 1205 1351 1243 Publii
1377 1216 1488 1253 prae-

147 1270 304 1308 nomine
330 1268 559 1315 insignitum
587 1278 696 1316 csse,
725 1269 764 1303 et
791 1265 855 1303 adi
884 1267 936 1303 sis
962 1267 1121 1303 Passov.
1150 1266 1218 1303 vit.
1243 1269 1322 1304 not.
1352 1267 1436 1304 101.

250 1393 496 1431 cAmva
521 1393 602 1429 vl.
621 1393 849 1443 „Scriberis
869 1392 1034 1442 Variffl',
1053 1391 1095 1428 in
1113 1401 1188 1439 quo
1206 1389 1346 1428 bellica
1361 1390 1485 1427 virtus

145 1456 352 1506 Agrippae
378 1454 615 1504 celebratur,
651 1457 741 1490 ante
768 1465 803 1490 a.
830 1453 914 1490 727.
941 1455 1173 1502 conceptum
1206 1463 1292 1489 esse
1319 1452 1486 1502 videtur,

147 1518 252 1567 quod
287 1518 432 1555 Caesar
457 1526 491 1552 v.
530 1515 589 1552 11.
617 1524 695 1551 non
731 1515 949 1563 appellatur
981 1515 1194 1561 Augustus.
1244 1513 1356 1551 Adde
1384 1513 1488 1562 quod

145 1581 262 1627 poeta
289 1590 330 1614 se
357 1577 554 1615 amoribus
581 1576 783 1622 indulgere
819 1579 859 1612 et
892 1576 1072 1612 convivia
1107 1586 1152 1612 ac
1184 1575 1335 1622 proelia
1368 1576 1486 1622 virgi-

145 1651 239 1677 num
266 1649 405 1676 canere
432 1638 545 1674 malle
583 1637 678 1673 dicit
704 1647 820 1684 quam
853 1639 955 1673 sacta
991 1636 1143 1672 ducum.
1194 1637 1294 1673 Nam
1321 1637 1485 1684 quadra-

146 1700 328 1748 genarius
357 1699 475 1735 desiit
510 1709 639 1734 amare
667 1698 704 1734 h.
731 1709 764 1735 e.
792 1709 863 1745 per
889 1709 975 1735 ann.
1004 1697 1089 1734 729.
1125 1693 1196 1748 (cf.
1223 1697 1283 1734 od.
1310 1697 1356 1747 2,
1384 1699 1419 1735 4.
1447 1700 1486 1734 et

146 1763 182 1812 1,
212 1758 306 1815 19.).
357 1758 550 1807 Equidem
576 1758 690 1796 odam
716 1769 795 1795 non
822 1759 877 1795 ita
904 1760 1024 1795 multo
1051 1761 1141 1807 post
1168 1768 1338 1806 pugnam
1353 1759 1485 1796 Actia-

145 1834 251 1873 cam,
287 1823 327 1858 et
361 1820 519 1868 quidem
545 1832 615 1868 per
641 1830 729 1856 ann.
757 1820 842 1857 724.
870 1822 909 1857 et
934 1821 1020 1858 725.
1047 1823 1247 1857 exaratam
1282 1831 1370 1856 esse
1396 1831 1485 1857 cen-

146 1895 225 1921 seo.
275 1883 377 1920 Nam
402 1882 487 1929 ipse
514 1882 689 1929 Agrippa
715 1882 949 1930 praecipuus
984 1883 1169 1919 Actiacae
1203 1881 1390 1918 victoriae
1417 1893 1484 1918 au-

145 1948 228 1983 ctor
255 1944 337 1980 fuit.
389 1943 657 1979 XVeichertmn
684 1943 866 1979 inanibus
893 1943 1111 1980 rationibus
1139 1943 1296 1980 ductum
1331 1943 1372 1979 in
1397 1943 1483 1982 libr.

145 2006 194 2043 de
219 2006 309 2042 Var.
336 2006 375 2039 et
403 2005 507 2040 CaSS.
535 2014 571 2051 p.
599 2004 658 2040 58.
685 2006 764 2041 not.
792 2005 852 2041 50.
879 2007 1074 2042 extremos
1089 2005 1275 2053 temporis
1293 2003 1481 2041 cancellos

143 2067 235 2104 huic
269 2065 431 2101 carmini
469 2075 591 2101 annos
619 2065 703 2102 727.
731 2068 771 2104 et
797 2066 882 2102 734.
911 2066 1155 2115 assignasse,
1194 2066 1279 2113 ipse
1319 2064 1481 2101 videbis.

143 2128 316 2164 Masson.
341 2125 385 2162 in
408 2125 477 2161 vit.
504 2136 540 2172 p.
568 2126 769 2164 350—52.
804 2128 906 2164 ultra
940 2138 973 2164 a.
1002 2127 1085 2163 730.
1112 2136 1191 2162 11011
1223 2125 1480 2173 progreditur.

145 2187 346 2225 Kirchner.
374 2181 474 2238 (tab.
504 2183 657 2240 chron.)
686 2190 726 2224 et
753 2189 899 2225 Grotef.
928 2199 964 2235 p.
992 2188 1075 2223 471.
1102 2197 1135 2223 a.
1161 2188 1334 2223 referunt
1367 2186 1480 2223 odam

145 2248 196 2285 ad
221 2257 309 2283 ann.
335 2246 421 2283 727.
448 2265 499 2276 —-
526 2248 730 2284 Caeterum
757 2250 803 2285 cf.
833 2259 987 2285 carmen
1013 2247 1103 2284 huic
1130 2247 1365 2283 simillimum
1389 2247 1479 2285 libri

144 2308 194 2346 11.
223 2307 514 2357 duodecimum,
550 2310 590 2346 ct
617 2308 664 2345 de
696 2310 818 2348 Vario
846 2312 1002 2358 praeter
1027 2308 1294 2353 Weichertum
1318 2309 1475 2346 Passov.

145 2368 213 2406 vit.
240 2369 310 2405 not
336 2367 419 2404 110.
447 2369 534 2405 244.

245 2490 488 2540 &ARN-RN
512 2491 617 2528 Vn.
659 2492 943 2542 „Laudabunt
959 2494 1057 2531 aliffl
1073 2502 1304 2540 quamquam
1330 2494 1474 2530 certam

147 2552 286 2589 aetatis
311 2531 443 2589 nota'm
480 2562 560 2588 non
591 2543 789 2606 continet,
829 2555 960 2590 tmnen
998 2555 1194 2602 tamquam
1234 2553 1281 2590 de
1321 2553 1473 2602 tripode

145 2613 397 2662 pronuntiant
435 2612 610 2651 homines
651 2612 754 2652 docti
795 2614 980 2663 scriptum
1018 2626 1104 2653 esse
1138 2626 1239 2653 anno
1265 2626 1301 2653 u.
1328 2627 1359 2653 c.
1386 2613 1470 2650 722.
