1643 2959
643 227 921 271 —149—

106 331 299 386 (Masson.
325 335 393 374 vit.
420 336 513 374 Hor.
540 347 578 386 p.
607 338 692 377 139.
727 339 890 392 Sanad.,
926 341 1144 392 Vanderb.,
1177 340 1338 382 Passov.
1370 347 1450 382 not.

106 397 189 434 149.
215 397 373 436 Kirehn.
402 398 480 436 tab.
507 395 609 452 chr.)
635 400 854 439 Provocant
880 403 930 440 ad
955 415 1013 440 vs.
1043 403 1090 440 15
1118 415 1196 453 sq.:

302 460 427 498 Albus
454 462 498 497 ut
524 461 690 499 obscuro
718 462 897 510 deterget
922 464 1061 501 nubila
1089 466 1197 503 coelo

371 522 495 570 Saepe
522 522 671 574 Notus,
699 534 828 572 neque
855 527 1024 573 parturit
1049 526 1195 564 imbres

300 583 536 631 Perpetuos:
563 584 621 622 sic
648 586 691 622 tu
717 587 884 634 sapiens
905 587 1030 634 finire
1055 595 1254 629 memento

368 646 590 683 Tristitiam
614 648 802 696 vitaeque
829 649 990 686 labores

301 705 425 757 Molli,
452 708 607 757 Plance,
635 719 763 747 mero:
797 721 872 747 seu
897 715 936 748 le
958 708 1162 759 fulyente‘a
1186 712 1314 760 siquis

372 769 518 807 Castra
542 774 698 819 tenent,
726 781 796 807 seu
825 771 947 808 densa
973 773 1126 810 tenebit

299 828 458 869 Tiburis
483 829 621 866 umbra
647 831 716 867 tui.
723 858 740 881 ,

94 900 192 938 quos
219 889 275 926 illi
301 892 453 927 tantum
481 891 650 940 tempori
676 893 951 931 accomodatos
980 905 1067 932 esse
1085 897 1339 947 contendunt,
1368 908 1445 946 quo

92 951 140 989 L.
165 952 381 990 Munatius
412 954 616 1003 Plancus,
657 953 708 990 ad
749 965 865 1003 quem
909 956 1042 993 datum
1077 959 1139 994 est
1174 969 1354 1008 carmen,
1394 959 1444 996 ab

93 1013 266 1050 Antonio
293 1014 344 1050 ad
371 1015 630 1052 Octavianum
665 1015 897 1066 desciverit,
934 1018 1004 1054 sed
1031 1018 1081 1055 ob
1110 1019 1252 1057 dubiae
1287 1021 1377 1057 fidei
1404 1023 1445 1057 et

92 1074 379 1113 inconstantiae
407 1076 670 1125 suspicionem
697 1088 778 1114 non
804 1088 894 1114 eum
928 1079 1125 1117 invenerit
1153 1081 1360 1119 Octaviani
1387 1082 1443 1119 fa-

90 1148 247 1187 vorem,
282 1139 326 1174 ut
352 1148 431 1174 una
457 1137 508 1174 ad
534 1138 680 1175 bellum
706 1139 911 1176 Actiacum
938 1142 1137 1188 profectus
1165 1142 1229 1179 sit.
1283 1142 1441 1180 Scilicet

87 1196 291 1247 fulyenlz'a
316 1199 383 1236 illa
407 1201 536 1248 siyne‘s
564 1205 702 1238 castra
728 1201 784 1237 nil
810 1201 889 1237 nisi
916 1202 1061 1239 bellum
1086 1203 1292 1241 Actiacum
1319 1204 1441 1250 signi-

88 1261 223 1298 ficant!
274 1260 366 1298 Ain'
392 1259 463 1298 tut
517 1261 761 1299 Crediderim
788 1262 969 1311 equidem
996 1275 1045 1300 ex
1072 1265 1245 1310 generali
1263 1265 1335 1302 hac
1353 1276 1441 1301 sen-

89 1323 233 1360 tentia:
262 1322 410 1373 „Domi
434 1322 619 1373 bellique,
646 1323 810 1373 Plance,
837 1324 949 1360 mitte
977 1325 1280 1363 sollicitudinem
1307 1328 1348 1363 et
1374 1338 1440 1363 cu-

87 1395 151 1421 ras
162 1384 197 1421 3„
223 1384 321 1421 nihil
348 1384 460 1421 facile
489 1385 652 1422 extundi
679 1396 809 1433 posse.
863 1386 965 1423 Sane
994 1386 1181 1435 scriptam
1208 1399 1296 1425 esse
1323 1387 1440 1425 odam

87 1448 263 1496 oportet,
305 1457 393 1483 cum
426 1446 592 1483 Plancus
626 1447 842 1485 Antonium
875 1446 957 1493 jam
1000 1447 1284 1497 dereliquisset.
1337 1450 1440 1487 Nam

85 1518 165 1544 non
192 1507 268 1544 alia
294 1508 406 1545 facile
432 1519 496 1544 res
525 1519 614 1544 eum
639 1519 870 1556 permovere
897 1510 1074 1559 poterat,
1110 1512 1154 1546 ut
1181 1511 1230 1547 de
1257 1511 1438 1548 volunta-

86 1570 145 1607 rio
173 1569 312 1606 exsilio
339 1568 619 1619 meditaretur,
648 1581 765 1618 quam
793 1570 898 1619 quod
925 1581 968 1606 se
994 1571 1174 1617 Augusto
1212 1575 1438 1621 suspectum

85 1643 172 1668 esse
217 1630 370 1667 videret
412 1632 452 1667 et
495 1631 643 1677 gratiae
706 1631 788 1678 ejus
834 1631 1029 1678 jacturam
1081 1635 1286 1670 metueret.
1340 1635 1435 1672 Fuit

85 1693 200 1730 homo
243 1692 376 1729 varius
411 1694 452 1728 et
485 1693 663 1742 mobilis,
710 1693 781 1730 sed
823 1693 989 1739 insignis
1034 1696 1167 1731 orator
1201 1690 1432 1744 (Ruhnken.

84 1755 135 1791 ad
160 1755 257 1792 Vell.
285 1753 368 1790 Pat.
397 1753 434 1804 2,
462 1753 548 1807 63.)
589 1757 629 1791 et
657 1754 837 1792 Ciceroni
864 1754 1190 1792 familiarissimus
1219 1753 1356 1809 (epist.
1385 1757 1436 1794 ad

83 1818 173 1854 fam.
200 1815 268 1852 lib.
295 1813 386 1869 X.),
415 1817 550 1853 consul
577 1827 665 1853 ann.
695 1817 805 1866 712
834 1818 917 1852 tum
942 1817 1106 1853 Antonii
1124 1817 1301 1865 partibus
1320 1817 1432 1855 fidus.

82 1878 147 1916 Ad
175 1877 433 1915 Octavianum
459 1878 617 1930 transiit
643 1889 677 1914 a.
707 1878 793 1914 722.
831 1874 930 1930 (Dio
958 1878 1028 1927 50,
1057 1878 1092 1915 3.
1120 1879 1220 1915 Plut.
1248 1879 1340 1915 Ant.
1369 1879 1430 1916 58.

83 1940 181 1977 Vell.
210 1940 248 1989 2,
277 1935 378 1992 83..)
432 1938 510 1975 Sed
534 1938 678 1975 mansit
704 1939 904 1977 vacillans.
945 1939 1060 1976 Anno
1088 1940 1173 1977 727.
1203 1939 1286 1986 ejus
1314 1952 1433 1977 suasu

83 1967 299 2040 Octavia’no
325 2000 502 2049 Auqusti
528 2010 743 2046 cognomen
784 1999 952 2036 inditum
987 2003 1048 2037 est
1090 1997 1145 2052 (v.
1181 2012 1269 2049 pag.
1305 1999 1429 2055 146..)

81 2065 129 2101 cf.
164 2063 328 2112 interpr.
374 2062 491 2099 Dion.
536 2063 609 2112 50,
650 2062 686 2099 3.
732 2057 816 2115 (ed.
874 2062 997 2099 Sturz.
1046 2063 1119 2099 vol.
1164 2063 1210 2100 V.
1255 2074 1294 2111 p.
1339 2063 1426 2100 617.

80 2127 161 2162 not.
192 2122 276 2177 11.)
304 2126 344 2160 et
369 2124 528 2161 Passov.
556 2124 624 2160 vit.
653 2126 734 2160 not.
774 2124 858 2161 149.
885 2145 937 2153 —-
961 2124 1014 2162 Ut
1039 2124 1199 2162 redeam
1232 2124 1275 2161 in
1309 2125 1428 2175 viam,

81 2176 338 2235 improbabile
385 2185 483 2222 mihi
528 2185 685 2223 videtur
727 2197 814 2223 esse
861 2185 935 2223 hoc
979 2197 1158 2237 carmen,
1210 2185 1315 2235 quod
1363 2197 1428 2224 eo-

83 2247 171 2285 dem
195 2249 321 2284 metro
347 2247 605 2296 compositum
631 2250 711 2298 est,
739 2257 816 2295 quo
842 2246 955 2295 epod.
991 2247 1066 2297 12.,
1094 2248 1202 2296 prius
1238 2248 1427 2296 scriptum

82 2319 169 2346 esse
202 2320 320 2358 quam
358 2309 513 2357 epodon
551 2309 652 2346 liber
692 2310 896 2356 evulgatus
936 2311 1052 2346 esset.
1103 2309 1279 2346 Pertinet
1321 2310 1427 2348 haud

84 2368 200 2407 dubie
227 2370 278 2408 ad
311 2370 418 2408 idem
450 2372 627 2420 tempus,
669 2381 746 2418 quo
787 2370 973 2408 Horatius
1013 2370 1151 2408 melica
1193 2371 1423 2420 composuit.

81 2430 230 2469 Nitsch.
257 2432 300 2469 id
326 2443 429 2470 anno
461 2432 495 2469 si
528 2432 602 2470 Dis
634 2431 763 2480 placet
789 2432 876 2468 713.
905 2431 1124 2481 adscripsit.
1152 2433 1199 2473 cf.
1227 2432 1421 2471 Vanderb.

82 2491 276 2530 additions
311 2496 352 2531 et
386 2495 546 2533 correct.
575 2493 651 2531 vol.
678 2493 727 2531 Π.
751 2504 789 2543 p.
815 2493 903 2531 620.
931 2514 982 2523 —
1007 2493 1224 2534 Verborum
1248 2493 1423 2544 poenitet

82 2552 124 2590 in
148 2563 191 2592 re
216 2553 374 2594 incerta.
