1659 2948
699 181 974 225 „13-

174 297 296 335 hostis
323 295 525 345 transiret,
562 294 623 331 vel
648 294 773 343 ipsam
799 293 949 331 Italiam
975 293 1230 340 occupaturus
1252 287 1323 344 ³⁵).
1377 292 1504 329 Antea

174 362 304 396 tamen
338 360 378 394 et
411 357 487 406 ipsi
515 356 796 393 circumeuntes
823 358 863 392 et
889 366 959 404 per
984 355 1132 401 legatos
1159 354 1321 391 emissos
1348 353 1388 389 in
1415 365 1504 390 suas

172 424 326 457 traxere
353 422 496 468 partes,
524 420 591 466 qui
616 417 787 453 nondum
814 428 836 453 a
864 429 904 453 se
933 418 1089 454 starent.
1145 415 1300 454 Cassius
1327 415 1506 451 Rhodum

172 482 297 530 cepit,
337 481 476 528 Lycios
513 479 657 515 devicit
682 478 824 514 Brutus
846 477 918 530 ³⁶).
983 480 1081 517 Tum
1106 477 1283 515 omnibus
1318 476 1439 525 copiis
1466 476 1507 512 in

174 544 368 591 Europam
394 540 565 588 trajectis
593 542 630 576 et
657 539 813 588 quidem

320 605 370 632 —-'
395 625 446 631 —
471 614 542 651 per
567 603 666 638 freta
692 602 839 638 vicinas
866 601 968 636 inter
994 602 1187 637 currentia
1213 602 1329 638 turris
1351 600 1411 652 37)

172 666 338 703 Thracia
362 666 568 713 peragrata
585 660 646 715 ³⁸)
673 663 723 698 ad
747 662 947 710 Philippos
972 662 1013 698 in
1032 661 1261 698 Macedonia
1290 666 1415 700 castra
1440 674 1507 711 po-

174 729 344 764 suerunt.
384 727 442 762 Eo
460 725 578 771 igitur
602 726 777 771 tempore
795 723 978 760 Horatius
1005 733 1157 771 quoque
1180 723 1315 759 Asiam
1340 725 1511 773 reliquit,

174 789 238 824 ubi
266 787 314 824 ab
341 787 454 823 initio
480 785 573 822 anni
598 797 634 822 u.
663 798 694 822 c.
724 785 808 822 711.
837 795 961 833 usque
988 784 1038 821 ad
1064 786 1253 821 aestatem
1287 784 1379 820 anni
1412 796 1448 820 u.
1477 796 1508 820 c.

173 849 257 886 712.
296 848 588 897 expeditionum
615 858 710 894 quas
737 848 879 884 Brutus
907 847 1077 895 suscepit
1098 844 1159 899 ³⁹)
1197 846 1391 894 particeps
1426 857 1509 881 ver-

146 913 280 948 ⁶satus
308 913 401 947 erat.
455 910 550 946 Mox
584 909 794 946 adventare
823 910 967 947 Caesar
1000 911 1040 945 et
1074 908 1277 945 Antonius.
1338 908 1389 944 Et
1425 918 1511 943 cum

167 973 249 1018 jam
268 974 384 1008 antea
408 972 476 1020 qui
502 971 549 1008 ab
577 971 638 1007 his
665 971 870 1019 praemissi
895 973 1006 1007 erant
1034 972 1074 1008 C.
1095 971 1301 1008 Norbanus
1328 981 1372 1006 ac
1398 968 1511 1006 Deci-

175 1035 260 1071 dius
280 1035 381 1071 Saxa
405 1035 491 1070 loca
518 1036 773 1081 occupassent
800 1036 839 1069 et
857 1035 983 1070 castra
1006 1033 1141 1069 metati
1162 1034 1305 1081 essent,
1334 1030 1437 1067 haud
1457 1030 1512 1065 ita

175 1097 294 1132 multo
320 1098 410 1144 post
437 1095 547 1141 sigua
574 1095 751 1131 conferri.
812 1095 872 1131 lta
899 1095 1075 1132 acerrimi
1109 1094 1301 1131 libertatis
1337 1092 1511 1130 vindices

173 1169 260 1194 cum
291 1157 502 1194 triumviris
537 1157 735 1203 congressi
771 1156 920 1194 duobus
955 1157 1113 1205 procliis
1140 1154 1355 1193 commissis
1391 1155 1431 1189 et
1456 1153 1513 1188 vi-

174 1222 309 1257 cerunt
336 1222 375 1255 et
401 1219 494 1256 victi
522 1222 632 1268 sunt,
661 1229 794 1255 eorum
821 1221 864 1255 ut
890 1220 1063 1267 fortuna,
1092 1229 1190 1266 quae
1218 1227 1341 1265 prona
1366 1218 1511 1251 utrum-

174 1293 249 1330 que
277 1282 459 1318 comitata
486 1283 590 1331 erat,
627 1281 739 1329 quasi
766 1281 925 1327 fatigata
949 1280 1139 1328 paulatim
1181 1279 1335 1316 demum
1360 1277 1512 1314 labasse

173 1344 297 1380 videri
323 1345 467 1392 posset.
528 1344 658 1391 Atque
693 1345 735 1379 in
769 1342 896 1391 priore
924 1342 1082 1390 quidem
1116 1352 1245 1389 pugna
1273 1340 1429 1378 Cassius
1466 1338 1515 1374 ab

174 1405 345 1441 Antonio
372 1407 526 1450 fugatus
553 1407 593 1441 et
619 1405 755 1441 castris
783 1408 921 1441 exutus
949 1416 1036 1441 cum
1062 1405 1224 1440 Brutum
1251 1414 1419 1452 quoque.⁷
1448 1400 1514 1449 qui

175 1466 322 1501 vicerat
349 1465 618 1513 Octavianum,
656 1468 878 1512 superatum
905 1466 1095 1515 crederet⁷
1123 1469 1163 1502 et
1188 1466 1251 1501 vel
1277 1468 1424 1502 terrore
1451 1473 1513 1498 oc-

175 1528 376 1576 caecatus,
411 1526 474 1561 vel
501 1524 570 1561 οὐκ
597 1524 771 1575 ἀκριβῶς
798 1521 878 1574 (τὰ
903 1526 1143 1576 γιγνόμενα)
1171 1522 1238 1562 διὰ
1264 1523 1332 1562 τὸν
1357 1536 1514 1575 κονιορῆ

174 1585 243 1625 τόν
269 1585 386 1639 ὁρῶν,
413 1588 457 1622 ut
482 1586 537 1623 ait
553 1587 721 1634 Appian.
751 1586 786 1622 b.
817 1586 888 1622 civ.
919 1587 955 1635 4,
985 1587 1083 1636 113„
1112 1586 1376 1623 centurionem
1394 1596 1513 1633 quen-

175 1650 264 1686 dam
290 1660 313 1686 a
335 1660 376 1685 se
396 1648 592 1698 emissum,
620 1648 686 1696 qui
709 1647 802 1696 quid
827 1648 973 1694 collega
997 1651 1129 1694 ageret
1149 1649 1382 1697 exploraret,
1410 1648 1514 1683 lento

175 1722 310 1758 gressu
336 1721 414 1747 una
439 1721 526 1747 cum
552 1710 664 1746 Bruti
689 1709 885 1758 equitibus
912 1709 1139 1746 redeuntem
1169 1710 1346 1758 vidisset,
1383 1709 1515 1745 hostes

177 1773 392 1810 accelerare
428 1772 610 1820 opinatus
635 1770 804 1808 Pindaro
838 1771 979 1808 liberto
1016 1772 1206 1809 cervicem
1242 1770 1416 1819 porrexit
1438 1767 1512 1822 ⁴⁰).

177 1835 320 1871 Brutus
347 1834 430 1879 ejus
458 1834 566 1871 clade
594 1833 748 1879 cognita
774 1833 874 1869 clam
901 1833 1069 1879 collegae
1097 1833 1262 1869 cadaver
1287 1832 1328 1868 in
1345 1832 1515 1868 Thasum

178 1896 375 1944 deportari
402 1895 521 1941 jussit
556 1897 595 1931 et
630 1894 796 1942 pecunia
823 1894 1028 1932 distributa
1063 1894 1269 1944 verbisque
1296 1893 1514 1931 consolatus

267 2016 328 2055 35)
349 2015 409 2047 Dio
433 2015 493 2053 47,
522 2016 576 2047 32.

267 2083 328 2123 36)
351 2081 410 2113 Dio
434 2082 487 2119 47,
512 2083 566 2114 33.
591 2080 643 2114 34.
690 2081 802 2123 veuej.
826 2084 865 2121 ε,
889 2082 940 2115 69.

267 2150 327 2191 37)
339 2148 455 2227 3ligist.
478 2148 524 2226 ἑὸ
552 2149 583 2181 3.
608 2149 628 2181 4
659 2150 735 2190 ibiq.
767 2150 908 2181 Schmid.
955 2150 1091 2193 Appian.
1117 2151 1148 2182 b.
1182 2161 1209 2182 c.
1235 2152 1265 2187 4.
1290 2151 1344 2183 82.
1391 2149 1511 2182 Weich.

178 2206 209 2237 p.
234 2205 259 2226 r.
283 2205 314 2236 p.
365 2206 377 2226 ι
420 2212 464 2217 -
526 2217 535 2225 .

178 2315 197 2346 3
233 2266 401 2347 23SioE⁰
424 2265 593 2298 Horatium
617 2257 838 2308 αὐτόπτην]
883 2266 989 2309 Epist.
1017 2266 1052 2304 1,
1094 2267 1124 2298 3.
1154 2266 1185 2297 3.
1225 2264 1266 2301 1,
1291 2263 1345 2296 16.
1370 2263 1422 2295 13.
1462 2262 1512 2292 od.

202 2340 209 2353 ,
256 2324 287 2346 o.
355 2335 363 2343 .

268 2381 328 2421 39)
351 2379 429 2412 Inde
452 2382 566 2420 postea
589 2380 691 2411 veteri
716 2389 774 2411 suo
798 2379 898 2411 sodali
917 2379 1070 2419 Pompejo
1086 2376 1173 2409 Varo
1197 2376 1326 2418 scripsit
1350 2375 1400 2407 od.
1426 2376 1456 2408 2,
1483 2374 1511 2404 7.

424 2424 452 2455 O
476 2434 602 2465 saepe
624 2434 746 2456 mecum
770 2427 930 2466 tempus
953 2425 992 2455 in
1016 2424 1202 2455 ultimum
1554 2428 1556 2433 ’

423 2470 585 2507 Deducte,
609 2470 707 2501 Bruto
731 2470 864 2501 militiae
887 2470 977 2502 duce.

183 2513 232 2543 Cf.
254 2513 395 2546 Masson.
419 2516 476 2546 vit.
502 2525 531 2555 p.
557 2517 611 2546 55.

271 2581 329 2621 40)
352 2582 410 2614 Dio
435 2582 528 2614 Cass.
555 2583 607 2623 47,
633 2583 686 2616 46.
734 2583 810 2626 App.
835 2584 866 2614 b.
892 2594 918 2614 c.
944 2582 974 2621 4,
1000 2581 1075 2614 113.
1124 2582 1207 2612 Plut.
1232 2580 1320 2611 Brut.
1346 2578 1398 2610 43.
