1679 2948
647 217 922 258 „75-

125 328 420 378 significaturus,
448 339 524 377 quo
551 330 725 377 tempore
752 327 893 365 edebat
918 327 1071 377 librum,
1099 338 1144 364 eo
1172 328 1288 364 alium
1316 329 1454 365 aetatis

124 400 268 426 annum
294 391 410 438 atquc
437 392 570 436 ageret
595 392 781 427 notasset.

224 452 258 488 4.
298 452 457 488 I'oetam
504 462 582 488 non
625 452 749 489 solum
791 452 890 488 hanc
933 451 1136 500 epistolam
1174 462 1275 488 anno
1315 451 1455 490 aetatis

121 515 436 562 quadragesimo
461 516 601 562 quinto
627 513 652 550 i.
681 527 714 552 e.
743 524 876 550 mense
902 513 1106 555 Decembr.
1135 524 1222 550 ann.
1251 525 1288 550 u.
1317 524 1348 550 0.
1368 513 1453 549 733.

121 577 189 611 aut
215 586 315 612 anno
343 576 428 612 734.
457 575 526 612 scd
553 577 642 612 ante
670 574 773 611 diem
798 574 862 611 VI.
900 574 956 611 Id.
983 575 1211 625 Decembr.,
1251 586 1327 623 quo
1361 585 1455 622 qua-

123 636 383 684 dragesimum
426 639 579 674 sextum
617 636 912 686 auspicabatur,
960 636 1183 687 scripsisse,
1225 637 1295 674 sed
1332 638 1457 673 totum

122 698 238 736 etiam
265 699 446 736 volumen
471 698 734 746 pervulgassc.

221 761 267 797 Id
292 761 434 808 partiin
454 759 537 805 jam
566 759 662 795 vidit
702 759 826 796 Schol.
867 759 1031 809 Porph.,
1073 759 1138 807 qui
1179 770 1273 795 sano
1307 759 1457 805 ,iudicio

122 833 215 858 usus
243 822 340 857 haec
367 820 524 868 scripsit
550 820 601 856 ad
626 831 664 858 v.
692 820 774 856 27.:
829 820 992 870 „Annos
1020 822 1184 869 quatuor
1219 823 1258 857 et
1293 821 1457 869 quadra-

119 882 227 929 ginta
253 882 368 931 dicit,
405 883 445 918 ct
472 882 585 918 simul
612 881 803 931 ostendit,
840 883 880 918 et
905 893 981 930 quo
1009 892 1140 918 mense
1167 884 1282 918 natus
1316 884 1356 918 et
1382 892 1459 929 quo

120 955 221 982 anno
257 943 396 981 aetatis
433 955 526 980 suae
561 943 663 981 hunc
694 942 1013 992 71e1·scripsm·il.“
1057 945 1138 981 Nee
1173 943 1287 980 aliter
1313 945 1459 980 statue-

119 1009 209 1044 runt
235 1005 383 1044 Theod.
413 1005 582 1043 Schmid.
611 1006 652 1043 in
687 1005 780 1043 edit.
817 1006 929 1053 epist.
968 1008 1061 1042 tom.
1096 1006 1125 1042 Ι.
1163 1017 1200 1054 p.
1239 1005 1322 1042 451.
1359 1000 1459 1057 (sru-

120 1071 200 1105 stra
226 1068 460 1116 obloquente
486 1068 711 1105 Wcicherto
739 1068 787 1104 de
815 1069 904 1105 Var.
934 1070 973 1104 ct
1001 1069 1108 1107 Cass.
1137 1079 1173 1116 p.
1194 1065 1317 1120 167),
1346 1067 1458 1103 Mer-

118 1131 195 1168 kel.
224 1130 264 1166 in
292 1130 508 1178 quaestion.
538 1130 716 1166 Ovidian.
746 1130 866 1166 critic.
895 1126 1026 1181 (Halis
1056 1125 1188 1182 1835.)
1215 1141 1252 1178 p.
1280 1129 1341 1165 26.
1361 1131 1458 1179 not.,

117 1193 249 1238 Lange
276 1192 318 1228 111
346 1192 471 1229 annal.
510 1192 630 1228 critic.
667 1193 834 1229 Berolin.
875 1192 983 1228 1535.
1012 1192 1086 1227 vol.
1115 1192 1150 1228 2.
1188 1203 1226 1238 p.
1255 1191 1340 1227 862.
1368 1192 1452 1227 not.

118 1255 158 1291 et
183 1253 420 1291 Lachmann.
450 1253 492 1288 in
519 1264 682 1291 censura
716 1254 859 1292 Tibulli
888 1266 910 1291 a
935 1253 1120 1291 Dissenio
1156 1252 1252 1289 editi
1279 1263 1378 1300 quac
1405 1252 1459 1288 le-

119 1315 223 1362 gitur
258 1315 298 1352 111
336 1315 574 1364 ephenicrid.
614 1315 714 1353 liter.
756 1316 915 1354 Halous.
957 1326 1044 1352 ann.
1088 1314 1196 1352 1836.
1239 1315 1329 1351 fasc.
1375 1313 1457 1350 110.

118 1387 155 1426 p.
183 1377 269 1414 259.

219 1440 342 1488 Atqui
369 1440 474 1477 nulla
502 1439 666 1488 epistola
693 1443 782 1489 post
817 1452 851 1476 a.
889 1440 973 1476 734.
1010 1440 1154 1489 scripta
1190 1441 1260 1476 est.
1317 1438 1460 1476 Creda-

117 1512 203 1538 mus
230 1502 371 1552 igstur,
413 1501 536 1538 donec
569 1512 672 1539 nova
706 1502 845 1550 aliquis
880 1512 958 1538 non
991 1502 1207 1539 narraverit
1235 1500 1303 1538 scd
1344 1500 1460 1537 certis

118 1563 356 1610 argumentis
376 1563 674 1613 confirmaverit,
703 1575 802 1611 quae
830 1564 916 1612 ipso
945 1567 1060 1612 poeta
1088 1564 1184 1601 duce
1203 1563 1250 1600 dc
1279 1562 1461 1611 epistola-

118 1636 203 1662 rum
232 1625 471 1674 tempom'bus
499 1625 755 1674 probabiliter
782 1625 963 1662 eruimus.
