1643 2959
690 219 977 260 ——114—

171 341 256 369 eam
281 330 442 378 reliquis
469 329 638 377 priorem
663 326 769 364 dicit.
823 325 1015 364 Convenit
1039 324 1135 361 mihi
1161 335 1247 362 cum
1273 324 1497 363 Grotefend.

169 403 256 441 pag.
284 392 368 428 466.
397 402 431 426 3.
484 390 659 426 Incertus
693 388 830 424 haeret
865 386 1058 424 Obbarius
1093 384 1136 421 in
1170 384 1332 424 Seebod.
1383 386 1496 425 Jahn.

170 457 210 493 et
234 454 355 492 Klotz.
384 462 470 487 ann.
498 450 573 486 vol.
604 449 662 485 15.
691 460 728 497 p.
757 448 818 485 64.
847 450 887 485 et
913 448 987 485 vol.
1018 446 1076 483 16.
1105 457 1138 494 p.
1171 445 1230 482 48.
1258 469 1309 477 -

268 610 486 651 SA'rlnA
520 610 583 647 11.
627 611 774 661 „Quae
799 611 957 647 virtus-’¹'
983 609 1033 647 ad
1060 621 1094 646 a.
1123 609 1208 646 720.
1237 610 1373 646 resero.
1428 609 1499 645 Ca-

167 679 227 714 ret
253 675 410 724 quidem
443 675 567 711 fateor
603 672 718 710 certis
755 671 941 720 temporis
978 671 1243 720 adminiculis,
1286 669 1363 706 nisi
1397 668 1499 718 quod

167 738 215 774 ob
243 748 342 773 vers.
373 736 479 772 103.:

699 816 749 823 -
777 806 895 842 quare

364 859 526 906 Templa
551 859 669 894 ruunt
695 856 855 904 antiqua
880 852 1034 893 Deum?
1061 877 1111 884 —

166 924 254 960 ante
290 933 323 958 a.
361 920 446 956 726.
485 919 629 966 scripta
665 929 749 954 esse
788 917 926 966 debet,
971 927 1046 965 quo
1083 915 1318 954 Octavianus
1356 913 1502 965 „aedes

167 994 294 1021 sacras
322 983 518 1017 vetustate
547 980 736 1025 collapsas
765 981 831 1014 aut
866 978 1046 1013 incendio
1074 979 1298 1025 absumptas
1325 974 1502 1024 refecit,’'

165 1047 209 1081 ut
234 1044 290 1080 ait
316 1044 470 1080 Sueton.
501 1041 586 1077 Oct.
623 1040 683 1076 30.
722 1040 767 1075 cf.
805 1039 881 1076 Dio
917 1039 986 1088 53,
1023 1038 1058 1074 2.
1094 1039 1191 1075 Vell.
1229 1038 1274 1087 2,
1310 1036 1370 1073 89.
1408 1036 1501 1074 Hor.

168 1105 230 1144 od.
260 1105 298 1154 3,
325 1104 360 1140 6.
390 1104 425 1140 2.
453 1123 503 1129 —-
553 1103 636 1139 Nec
669 1101 808 1136 desunt
835 1103 987 1149 tamen,
1029 1111 1126 1147 quae
1153 1099 1344 1135 rationem
1377 1107 1504 1134 meam

165 1167 407 1215 aliquatenus
436 1166 540 1200 certe
567 1162 848 1199 commendent.
901 1161 1073 1199 Primum
1108 1161 1211 1196 enim
1245 1170 1379 1197 omnes
1412 1157 1504 1195 libri

164 1229 212 1266 Π.
243 1228 386 1265 satirae
422 1227 511 1274 post
539 1224 750 1261 editionem
776 1222 866 1259 libri
892 1223 921 1258 I.
951 1222 1117 1269 scriptae
1147 1223 1258 1271 sunt,
1284 1221 1323 1257 h.
1352 1231 1385 1256 e.
1413 1221 1504 1267 post

165 1303 198 1327 a.
228 1289 312 1326 719.
366 1286 518 1326 Deinde
556 1285 589 1322 si
629 1296 765 1321 revera
800 1285 984 1321 Horatius
1019 1283 1062 1319 in
1103 1282 1329 1319 ordinandis
1373 1281 1502 1318 satiris

164 1351 339 1400 respexit
374 1346 666 1396 compositionis
702 1348 855 1393 tempus
890 1367 940 1373 —
976 1344 1037 1381 cui
1082 1343 1329 1389 conjecturae
1371 1343 1504 1380 favent

164 1413 293 1450 omnia
319 1433 368 1438 —
395 1411 436 1447 in
462 1410 644 1458 promptu
679 1409 740 1443 est
774 1407 928 1451 videre,
966 1406 1123 1454 satiram
1151 1404 1196 1454 2,
1237 1404 1273 1440 2.
1333 1403 1505 1441 omnium

163 1475 331 1523 primum
367 1473 565 1508 exaratam
601 1479 686 1505 esse
722 1469 762 1504 et
795 1467 970 1515 proxime
1007 1466 1165 1516 quidem
1191 1467 1280 1503 ante
1308 1466 1367 1516 3.‚
1395 1465 1504 1511 cujus

163 1539 270 1574 ortus
297 1535 338 1572 in
363 1535 478 1570 finem
505 1544 538 1568 a.
568 1531 652 1568 721.
681 1529 827 1566 incidit.
885 1529 1013 1571 Quare
1042 1531 1217 1564 extrema
1243 1538 1333 1576 pars
1361 1538 1394 1564 3.
1415 1527 1501 1563 719.

165 1600 205 1634 et
230 1597 384 1633 initium
419 1606 451 1631 a.
482 1593 566 1629 721.
605 1602 754 1628 summa
783 1590 1056 1638 probabilitate
1084 1589 1239 1625 termini
1266 1589 1503 1624 constituen-

164 1661 248 1707 tur,
275 1657 377 1693 intra
404 1666 499 1702 quos
535 1654 630 1689 haec
666 1652 783 1688 satira
819 1652 1033 1700 composita
1060 1651 1121 1687 sit.
1173 1650 1234 1687 Ita
1259 1649 1502 1687 VVielandius

165 1729 318 1768 quoque
354 1719 393 1753 et
426 1715 625 1752 Heindorf.
658 1712 905 1761 judicavere,
933 1713 1008 1748 nisi
1045 1711 1148 1760 quod
1181 1711 1333 1763 librunr
1350 1710 1397 1746 11.
1420 1710 1503 1756 jam

165 1792 198 1818 a.
228 1779 313 1816 718.
343 1777 460 1814 scribi
487 1778 666 1824 coeptum
694 1775 1044 1823 ot„T1·ebace·um‘³
1071 1769 1172 1825 (Sat.
1195 1772 1232 1822 2,
1262 1767 1319 1824 1.)
1347 1782 1501 1819 quoque

165 1853 286 1890 usque
332 1839 380 1876 ad
421 1850 454 1875 a.
495 1837 580 1873 721.
627 1837 842 1872 confectum
882 1846 967 1871 csse
1007 1845 1212 1883 perperam
1252 1834 1500 1870 affirmarunt.

166 1903 365 1940 Kirchner.
402 1901 442 1937 in
477 1900 626 1947 quaest.
664 1909 701 1945 p.
741 1896 798 1932 13.
835 1894 871 1946 ἓ.
901 1897 961 1932 30.
998 1898 1038 1932 et
1063 1906 1101 1944 p.
1129 1895 1190 1931 60.
1219 1892 1255 1945 §.
1287 1895 1344 1931 17.
1374 1897 1414 1931 et
1442 1893 1499 1932 18.

168 1963 379 2013 speciosius
416 1973 530 2010 quam
565 1959 694 1996 verius
731 1958 889 1994 satiram
922 1957 958 1994 2.
994 1956 1043 1994 ad
1077 1958 1326 1993 auctumnum
1351 1968 1385 1992 a.
1415 1955 1498 1993 717.
1535 1992 1540 2001 ,

168 2024 320 2072 retulit,
357 2034 431 2070 quo
466 2022 651 2059 Horatius
679 2031 728 2056 ex
755 2020 893 2055 itincre
921 2018 1156 2056 Brundisino
1183 2018 1307 2055 redux
1333 2017 1499 2054 Ofellum

169 2097 279 2123 suum
304 2085 347 2121 in
372 2094 464 2129 agro
491 2094 610 2132 prope
646 2081 856 2119 Venusiam
892 2081 966 2118 sito
999 2079 1190 2117 reviserit.
1252 2078 1328 2115 Sed
1361 2079 1404 2114 ut
1437 2088 1498 2114 re-

168 2147 302 2184 viserit
329 2149 505 2196 „metato
539 2147 584 2180 ἱη
620 2145 748 2190 ayello
788 2141 936 2188 sorlem
969 2143 1152 2179 mercede
1185 2138 1420 2189 colonum,”
1454 2140 1498 2174 ut

169 2219 219 2244 ex
252 2207 333 2253 ejus
370 2203 754 2243 sermocinationibus
790 2203 1011 2250 praeclarae
1042 2201 1155 2248 hujus
1183 2200 1338 2246 eclogae
1376 2200 1496 2236 mate-

167 2269 265 2307 riam
291 2267 547 2315 desumpserit
572 2287 623 2293 -
649 2263 752 2312 quod
774 2263 868 2299 mihi
895 2262 1050 2311 quidem
1077 2272 1263 2310 perquam
1287 2260 1497 2298 verisimile

167 2329 321 2368 videtur
347 2340 432 2365 esse
459 2350 509 2356 —
535 2329 712 2376 potestne
740 2324 829 2361 inde
857 2323 1007 2372 colligi,
1051 2323 1210 2360 satiram
1251 2321 1299 2359 ab
1333 2320 1495 2360 Horatio

170 2391 300 2428 statim
325 2391 415 2438 post
440 2389 608 2425 reditum
634 2389 832 2424 exaratam
857 2382 972 2422 esse?
997 2406 1047 2412 -
1092 2381 1314 2422 Grotefend.
1342 2394 1379 2430 p.
1408 2383 1492 2420 463.

171 2463 203 2490 a.
231 2462 319 2489 ann.
347 2451 433 2488 719.

269 2592 485 2630 savum
509 2592 596 2629 111.
641 2593 735 2640 „Sic
760 2602 857 2628 raro
882 2590 1054 2629 scribis“
1076 2592 1116 2627 in
1143 2591 1233 2627 villa
1249 2590 1400 2628 Horatii
1425 2590 1491 2627 Sa-
