1643 2959
619 228 923 271 —113—

105 334 261 374 Calend.
290 336 447 374 Januar.
477 336 650 383 ejusdem
667 340 759 376 anni
783 341 1017 388 praeparata
1035 342 1118 376 erat
1135 335 1233 392 (Dio
1251 341 1312 391 51,
1335 338 1433 395 zo),

101 408 150 434 ne
183 397 325 434 leviter
359 398 516 445 quidem
549 398 752 446 tetigerit?
802 403 864 439 De
899 413 946 439 eo
979 412 1059 438 non
1091 402 1213 438 tacuit
1245 402 1287 438 in
1317 414 1432 440 earm.

101 458 146 508 2,
187 458 246 495 12.
283 471 317 496 a.
354 460 438 497 725.
476 463 520 496 ut
557 461 709 498 videtur
742 463 886 511 scripto
922 459 1000 515 (cf.
1036 463 1205 501 Masson.
1241 475 1280 513 p.
1318 460 1435 517 183.)

101 529 136 556 v.
164 520 189 557 9
217 531 294 569 sq.:

566 606 617 612 —
643 587 762 633 tuque
789 585 1036 633 pedestribus

299 645 417 682 Dices
445 645 618 682 historiis
646 646 794 694 proelia
823 648 1023 697 Caesaris,

300 706 531 756 Maecenas,
559 708 720 757 melius3
753 711 957 758 ductaque
979 719 1055 757 per
1081 711 1170 745 vias

572 770 729 815 Reyum
756 771 861 806 colla
886 773 1121 807 minacium.

99 829 245 873 Quidni
279 839 430 865 morum
464 829 753 878 magisterium,
799 830 903 876 quod
941 832 1083 867 Caesar
1118 842 1152 867 a.
1190 831 1276 868 725.
1318 832 1437 870 subiit

97 886 197 943 (Dio
224 889 286 939 52,
314 888 411 941 42),
440 890 592 938 aliaque
619 889 754 939 multa,
783 890 941 937 quaein
964 891 1197 927 carminibus
1224 895 1314 930 tunc
1341 895 1438 931 ortis

96 951 257 988 honoris
301 962 439 988 caussa
477 951 624 1000 passim
671 955 1041 1002 commemorantur,
1092 950 1249 999 tetigit}
1316 955 1438 991 Estne

96 1013 255 1050 tandem
283 1013 468 1049 credibile
506 1013 600 1049 talia
634 1013 682 1050 ab
717 1014 880 1050 Horatio
915 1015 1058 1051 omissa
1094 1016 1133 1050 et
1167 1015 1246 1051 alto
1282 1016 1437 1055 silentio

97 1086 184 1111 esse
211 1071 377 1123 pressa‘!
432 1074 575 1112 Credat
603 1075 779 1123 quisquis
814 1075 930 1112 volet.
993 1076 1185 1123 Equidem
1222 1078 1438 1124 persuasis-

97 1136 239 1173 simum
273 1136 421 1185 habeo,
468 1136 627 1172 satiram
660 1137 782 1173 multo
823 1139 912 1174 ante
955 1137 1125 1174 reditum
1159 1138 1364 1175 Octaviani
1398 1141 1439 1176 et

96 1197 288 1245 triplicem
314 1197 575 1248 triumphum,
610 1199 829 1246 ,Ianumque
857 1198 1080 1235 obseratum
1107 1201 1146 1235 et
1172 1201 1254 1235 tum
1281 1200 1438 1247 quidem

96 1259 281 1307 scriptam
316 1270 425 1308 esse,
463 1270 550 1294 cum
587 1260 793 1296 Caesarem
826 1260 867 1295 in
908 1260 1068 1297 Oriente
1110 1261 1258 1296 versari
1292 1261 1439 1298 Romae

95 1323 314 1369 constaret,
341 1331 413 1356 nec
442 1320 534 1356 dum
562 1320 609 1356 de
636 1321 866 1358 Parthorum
892 1321 1086 1367 legatione
1112 1322 1271 1358 nuntius
1299 1323 1438 1359 allatus

96 1384 202 1418 esset
228 1377 327 1434 (Dio
346 1381 408 1430 51,
428 1377 526 1434 20.)‚
556 1382 592 1417 h.
623 1394 656 1418 e.
678 1385 768 1418 ante
790 1383 947 1420 Calend.
967 1384 1053 1419 Jan.
1084 1394 1118 1419 a.
1148 1384 1232 1419 725.
1286 1385 1437 1421 Eodem

95 1444 176 1480 fere
203 1446 378 1490 tempore
406 1443 468 1479 vel
494 1443 624 1490 potius
652 1445 768 1491 paulo
803 1444 1041 1492 posteriore,
1081 1444 1150 1480 sed
1185 1447 1275 1481 ante
1302 1447 1438 1482 trium-

95 1505 194 1553 phos
222 1504 376 1541 habitos
405 1502 471 1556 (v.
500 1504 614 1540 Jahn.
651 1505 791 1541 introd.
828 1505 933 1551 Virg.
970 1517 1007 1553 p.
1039 1504 1216 1558 XXIV.)
1252 1507 1436 1553 Virgilius

94 1568 136 1603 in
164 1566 384 1611 Georgicon
410 1565 495 1600 libr.
516 1565 583 1601 III.
613 1577 648 1601 v.
680 1566 865 1602 13—48.
921 1568 1098 1603 Caesaris
1125 1569 1227 1603 facta
1253 1568 1437 1618 celebrat,

94 1639 145 1664 ex
183 1627 325 1675 quibus
364 1626 436 1662 hos
479 1626 726 1675 potissimum
753 1628 869 1664 velim
897 1639 984 1664 cum
1018 1629 1242 1664 Horatianis
1279 1630 1436 1665 conten-

95 1686 164 1726 das
192 1684 249 1741 (v.
278 1689 328 1724 30
356 1683 456 1740 sq.):

294 1750 448 1786 Addam
474 1749 590 1787 urbes
616 1750 735 1787 Asiae
771 1750 936 1787 domitas
962 1748 1193 1799 pulsumque
1220 1753 1434 1802 Niphaten,

294 1812 586 1861 Fidentemque
607 1811 712 1860 fuya
737 1813 937 1850 Parthum
964 1813 1164 1860 versisque
1192 1813 1356 1859 sagittiS.

95 1873 296 1910 Falluntur
330 1873 449 1919 igitur
481 1884 739 1922 magnopere,
776 1873 844 1921 qui
878 1874 1041 1921 primam
1075 1873 1164 1909 libri
1190 1874 1239 1910 H.
1276 1875 1435 1911 satiram

96 1937 135 1971 et
161 1934 306 1971 idcirco
334 1937 455 1970 totam
489 1935 667 1980 syllogen
701 1936 790 1981 post
826 1946 858 1970 a.
888 1935 972 1970 724.
1003 1935 1216 1971 confectam
1243 1947 1328 1971 esse
1356 1937 1433 1972 sta·

94 1998 229 2045 tuunt,
267 1996 410 2044 quippe
445 2006 650 2044 perperam
691 1996 937 2043 interpretati
980 1995 1123 2032 indicia
1162 2007 1299 2044 parum
1339 2008 1432 2034 sane

95 2060 211 2094 certa.
265 2059 475 2095 Enimvero
501 2058 544 2093 in
576 2057 646 2094 tali
672 2057 899 2105 quaestione
928 2068 1012 2093 eam
1039 2055 1194 2094 omnino
1218 2057 1345 2104 legem
1373 2070 1432 2095 se-

95 2119 288 2168 quendam
323 2131 409 2155 esse
445 2119 634 2169 arbitror,
674 2121 717 2155 ut
752 2119 919 2155 incertas
955 2121 1173 2166 temporum
1206 2122 1318 2155 notas
1352 2128 1432 2156 non

95 2181 146 2219 ad
170 2181 372 2218 libidinem
409 2182 467 2218 vel
503 2181 632 2229 specie
667 2180 874 2217 historicae
909 2180 999 2216 fidei
1025 2181 1111 2217 fulti
1136 2181 1211 2217 huc
1237 2181 1326 2217 illuc
1351 2183 1430 2218 tra·

94 2242 252 2293 hamus,
281 2243 351 2279 sed
377 2245 466 2280 ante
494 2244 624 2280 omnia
650 2253 894 2291 quaeramus,
923 2241 1016 2289 quid
1034 2242 1107 2278 hoc
1123 2242 1238 2278 illove
1254 2244 1430 2290 tempore

96 2305 435 2342 commemoratum
461 2317 547 2342 esse
574 2304 895 2341 verisimillimum
922 2304 993 2352 sit,
1029 2303 1122 2352 quid
1154 2313 1233 2339 non
1257 2304 1430 2351 potuerit

99 2365 323 2403 debueritve
348 2367 526 2416 reticeri,
554 2369 637 2402 tum
662 2366 769 2402 velut
793 2366 836 2402 in
861 2365 1027 2401 firmiore
1049 2364 1298 2401 fundamento
1323 2367 1429 2402 fluxa

99 2428 139 2462 et
163 2427 281 2465 dubia
305 2428 492 2477 temporis
518 2428 662 2464 indicia
688 2427 847 2473 figamus
874 2428 914 2462 et
939 2426 1217 2463 confirmemus.
1243 2448 1295 2455 —-
1339 2427 1427 2464 Non

98 2489 203 2524 recte
227 2490 441 2527 Weichert.
470 2491 572 2538 poet.
601 2489 669 2525 rel.
697 2499 735 2536 p.
764 2487 848 2524 277.
878 2490 917 2523 et
943 2487 1028 2524 298.
1055 2490 1135 2525 not.
1163 2488 1223 2525 22.
1268 2488 1426 2524 satiram

99 2558 201 2585 anno
225 2550 309 2588 727.
346 2553 386 2588 et
410 2551 612 2588 Kirchner.
642 2550 790 2598 quaest.
819 2560 857 2596 p.
889 2549 946 2585 17.
983 2547 1019 2600 §.
1056 2549 1116 2586 35.
1153 2561 1187 2586 a.
1217 2549 1300 2585 726.
1329 2548 1424 2585 assi·

99 2612 276 2657 gnarum.
303 2633 354 2639 —
394 2613 551 2650 Passow
589 2612 656 2648 vit.
692 2612 773 2647 not.
811 2609 895 2647 166.
931 2621 968 2658 p.
1004 2610 1125 2648 LXII.
1162 2612 1202 2645 et
1227 2610 1307 2647 not.
1337 2609 1421 2646 146.

177 2697 181 2701 .
1136 2669 1161 2706 8
