1643 2959
580 170 856 214 —107—

60 282 109 319 de
134 281 274 330 quibus
300 293 337 317 v.
365 281 477 318 Jahn.
514 282 555 318 in
582 283 673 320 edit.
710 294 748 332 p.
777 283 861 320 260.
891 285 930 320 et
956 283 1132 332 inprimis
1167 283 1316 319 Weich.
1344 295 1381 331 p.

58 342 125 379 rel.
152 354 190 391 p.
218 343 303 380 334.
331 345 409 379 not.
438 343 473 380 3.
500 365 551 371 —
577 345 653 381 Sed
688 347 834 382 certum
869 347 929 381 est
961 356 1039 382 non
1071 355 1187 394 posse
1222 343 1385 391 intelligi

57 404 250 452 Apollinis
277 405 462 452 templum
488 416 523 442 a.
553 405 706 443 demum
733 407 818 444 726.
848 407 1064 457 conditum,
1105 407 1152 444 de
1180 417 1256 455 quo
1284 407 1385 452 cogi-

58 467 142 502 tant
168 466 306 504 Scholl.
359 466 550 514 Equidem
583 478 662 503 non
697 468 832 505 dubito
866 469 1051 506 accedere
1085 469 1270 505 Massono
1298 466 1384 519 (vit.

55 538 94 575 p.
125 524 232 580 161.)
260 528 415 565 domum
440 529 632 577 privatam
658 530 910 580 intelligenti,
946 531 988 567 in
1023 541 1099 579 qua
1131 532 1269 580 poetae
1306 540 1386 566 sce-

56 589 135 626 nici
161 591 330 627 carmina
365 601 434 627 sua
469 602 598 628 coram
631 591 762 637 judice
801 592 998 628 recitaturi
1038 591 1246 629 convenire
1284 591 1388 628 soliti

57 651 147 687 sint.
174 672 224 680 —
249 653 309 689 De
335 653 528 690 Pantillio
555 664 589 689 v.
619 652 677 689 78.
706 655 918 690 memorato
947 651 1071 703 (haud
1098 653 1214 690 dubie
1232 652 1388 689 nomine

56 708 217 765 ficticio)
251 713 432 760 exposuit
458 714 667 751 Weichert.
704 716 806 762 poet.
844 716 910 752 rel.
939 726 976 762 p.
1005 713 1076 750 281
1107 725 1163 762 sq.
1190 736 1241 742 —
1267 714 1388 762 Spoh-

55 773 143 809 nius
182 775 373 810 referente
412 774 525 811 Jahn.
553 786 591 822 p.
620 774 706 810 261.
748 775 796 811 ab
835 776 998 812 Horatio
1033 777 1134 812 tecte
1170 775 1389 812 vellicatum

55 844 141 870 esse
169 834 334 880 conjecit
360 836 535 872 Tullium
565 836 767 873 Cimbrum
773 863 790 886 2
817 836 1117 872 obtrectatorem
1134 836 1287 881 Virgilii
1305 837 1389 872 uni-

55 906 155 945 cum,
183 896 291 942 cujus
319 896 562 943 conjecturae
589 897 781 934 rationem
806 897 1017 934 VVeichert.
1044 898 1068 934 1.
1096 897 1120 933 l.
1151 897 1226 933 sibi
1246 897 1390 945 pariter

54 956 175 994 latere
203 958 297 994 dicit
323 960 439 1006 atque
472 958 601 1007 ipsum
635 959 743 996 illum
768 959 935 996 Tullium
964 958 1173 996 Cimbrum.
1228 958 1391 1006 Spohnii

55 1018 228 1066 opinatio
254 1019 369 1056 fluxit
393 1020 471 1056 nisi
497 1031 558 1056 mc
584 1021 674 1057 fallo
701 1020 814 1070 inde,
842 1020 948 1069 quod
972 1020 1126 1066 Virgilii
1153 1020 1390 1067 epigramma

55 1091 79 1116 a
105 1080 346 1123 Quintiliano
373 1081 414 1117 in
440 1081 529 1118 inst.
558 1084 654 1118 orat.
683 1082 720 1131 8,
749 1082 783 1118 3.
812 1080 849 1132 ξ.
878 1082 938 1118 28.
968 1084 1183 1118 servatum:
1212 1082 1389 1130 „Corin-

51 1142 228 1179 tlu'orum
255 1147 415 1180 amator
439 1145 513 1181 iste
537 1142 769 1181 verborum!
773 1143 789 1164 ·‘
810 1145 907 1179 caet.
935 1153 1014 1179 non
1040 1142 1091 1179 ad
1116 1143 1289 1180 Annium
1307 1143 1388 1178 sive

53 1201 272 1241 Annaeum
303 1205 528 1254 Cimbrum,
555 1205 758 1241 Mantuani
784 1207 922 1253 poetae
942 1204 1256 1253 obtrectatorem,
1284 1205 1388 1240 retu-

53 1264 112 1314 lit,
141 1265 209 1301 sed
237 1265 286 1301 ad
314 1266 489 1304 Tullium
521 1267 724 1304 Cimbrum
750 1267 812 1302 vel
839 1266 967 1314 potius
988 1266 1148 1302 Tillium
1171 1266 1390 1315 Cimbrum,

56 1326 234 1363 Caesaris
262 1327 487 1378 occisorem,
515 1328 691 1364 sollemni
717 1338 841 1376 paene
869 1338 1013 1377 errore,
1042 1338 1065 1363 a
1091 1338 1167 1374 quo
1194 1338 1243 1363 ne
1271 1328 1388 1363 Hem-

54 1388 271 1424 sterhusius
298 1389 454 1436 quidem
481 1389 556 1425 sibi
583 1389 698 1439 cavit,
726 1391 936 1425 annotante
964 1388 1188 1436 Spaldingio
1214 1389 1240 1425 l.
1258 1389 1282 1425 l.
1312 1389 1386 1425 vol.

53 1449 120 1485 III.
150 1460 187 1497 p.
215 1449 301 1486 230.
328 1471 380 1478 —
405 1451 597 1499 Denique,
626 1453 669 1486 ut
695 1450 744 1486 ad
769 1450 925 1486 initium
942 1450 1082 1486 satirae
1101 1450 1272 1499 redeam,
1300 1452 1388 1486 octo

54 1510 110 1547 illi
137 1521 292 1560 versus,
329 1512 396 1558 qui
429 1511 471 1546 in
498 1511 730 1558 quibusdam
756 1513 907 1548 tantum
943 1511 1053 1548 codd.
1083 1512 1119 1548 ei
1146 1511 1308 1559 praefixi
1334 1512 1387 1548 le-

54 1574 216 1622 guntur,
257 1572 367 1609 facile
403 1582 449 1609 eo
484 1573 651 1620 aliquem
685 1572 900 1623 adducant,
940 1576 983 1609 ut
1011 1573 1204 1620 duplicem
1231 1574 1387 1619 eclogae

52 1634 320 1672 recensionem
345 1633 393 1671 ab
420 1635 506 1683 ipso
533 1636 649 1682 poeta
674 1635 815 1670 factam
849 1646 934 1670 esse
971 1634 1188 1684 existimet,
1231 1645 1322 1671 nam
1347 1634 1387 1672 id

56 1695 394 1743 persuasissimum
419 1696 515 1732 mihi
542 1698 614 1746 est,
642 1695 770 1744 ipsum
795 1696 1000 1733 Horatium
1035 1696 1172 1733 horum
1205 1707 1387 1733 versuum

56 1759 251 1793 auctorem
278 1768 387 1807 esse,
423 1758 531 1805 cujus
559 1758 699 1804 judicii
734 1758 984 1806 praecipuum
1019 1757 1283 1804 adjumentum
1309 1768 1387 1793 non

56 1818 242 1855 crubesco
270 1829 319 1855 ex
345 1819 531 1865 singulari
558 1830 691 1855 eorum
717 1819 843 1855 colore
870 1822 1019 1868 petere,
1048 1829 1164 1866 quem
1190 1830 1281 1854 vere
1307 1820 1385 1855 Ho-

54 1879 247 1916 ratianum
272 1891 358 1915 esse
387 1880 525 1929 sentio,
552 1890 624 1916 nec
651 1882 782 1916 tamen
799 1880 1033 1927 persuadere
1052 1880 1231 1927 cuiquam
1249 1880 1382 1917 ausim.

56 1940 133 1978 Sed
160 1952 246 1977 cum
272 1940 435 1988 duplicis
461 1940 697 1976 recensionis
732 1941 1063 1989 nullapraeterea
1094 1941 1136 1977 in
1163 1941 1294 1988 ecloga
1320 1953 1385 1978 ve-

56 2002 172 2048 stigia
198 2001 288 2050 sint,
316 2001 507 2049 potiorem
534 2001 631 2038 duco
659 2012 791 2038 eorum
818 2002 1061 2052 sententiam,
1090 2002 1156 2050 qui
1181 2003 1386 2041 Horatium

54 2063 103 2100 ab
131 2062 192 2099 his
218 2063 396 2099 versibus
424 2063 581 2099 satiram
606 2062 778 2111 incipere
804 2064 986 2113 voluisse,
1013 2067 1095 2100 tum
1122 2066 1269 2100 mutato
1296 2075 1385 2101 con-

56 2124 142 2160 silio
170 2123 276 2160 aliud
303 2124 505 2161 exordium
540 2124 742 2172 scripsisse
778 2127 978 2161 autumant
1004 2121 1210 2177 (Similiter
1234 2126 1383 2163 W'eich.

56 2196 92 2233 p.
120 2197 152 2221 r.
180 2197 217 2233 p.
246 2183 367 2237 360.).
420 2186 502 2222 Nec
540 2196 774 2233 magnopere
813 2186 1058 2236 refragabor,
1100 2187 1132 2222 si
1172 2187 1258 2234 quis
1299 2199 1385 2224 cum

56 2247 266 2293 Doeringio
292 2257 428 2283 versus
463 2246 513 2283 ad
546 2247 808 2293 integritatem
844 2248 984 2284 satirae
1023 2248 1262 2285 necessarios
1298 2260 1384 2285 esse

57 2310 96 2344 et
121 2319 257 2344 revera
282 2308 364 2354 ejus
391 2308 539 2344 aditum
565 2310 781 2356 patefacere
809 2310 917 2346 malit
943 2309 1178 2347 existimare.
1233 2310 1318 2353 Qua
1345 2311 1385 2346 in

59 2370 248 2406 sententia
273 2370 308 2406 J.
336 2370 384 2406 H.
417 2370 581 2407 Vossius
608 2381 759 2417 quoque
787 2371 871 2419 suit,
900 2371 965 2418 qui
992 2370 1047 2407 ita
1073 2371 1145 2408 hac
1172 2371 1219 2408 de
1247 2383 1287 2410 re
1307 2371 1382 2406 dis-

60 2431 179 2466 seruit
204 2427 530 2481 (Anmerkungen
563 2431 642 2467 und
681 2431 948 2477 Randglossen
987 2444 1033 2469 zu
1074 2433 1266 2470 Griechen
1305 2432 1384 2468 und

58 2490 225 2528 Romern
250 2503 327 2528 von
351 2493 386 2529 J.
415 2493 463 2528 H.
491 2493 603 2541 Voss,
631 2492 947 2539 herausgegeben
973 2506 1008 2530 v.
1037 2495 1083 2531 A.
1112 2496 1222 2531 Voss.
1249 2493 1379 2541 Leipz.

62 2551 232 2600 1838.·p.
260 2553 343 2590 252.
372 2553 419 2590 II.
448 2550 631 2606 Horaz.):
668 2554 1028 2603 „Wahrscheinlich
1062 2556 1128 2591 hat
1163 2554 1230 2591 der
1263 2554 1381 2591 bitter
