1679 2948
658 198 937 241 -53..-

125 324 192 351 cae
218 312 349 361 poesis
378 310 537 359 spiritus
561 313 600 347 et
615 310 773 347 delicias
791 310 993 347 imbibisse
1012 308 1223 346 verisimile
1243 306 1321 345 sit?
1348 309 1462 344 Prac-

122 377 232 411 terea
258 385 345 411 cum
370 373 518 409 nullum
545 383 700 409 carmen
726 373 791 422 sit,
819 372 923 420 quod
950 374 1040 408 ante
1066 381 1236 419 pugnam
1261 370 1463 407 Actiacam

123 436 311 485 scriptum
337 446 423 471 csse
452 433 654 470 evidenter
680 434 806 480 possit
831 433 1011 483 probari,
1046 444 1124 470 non
1158 432 1317 481 quidem
1350 442 1463 479 prae-

121 498 243 534 fracte
270 496 495 544 negaverim
520 506 640 530 unum
666 495 879 531 alterumve
904 494 1080 541 fortasse
1130 494 1259 542 priore
1287 496 1462 540 tempore

122 561 251 595 ortum
277 554 455 609 esse'12),
485 556 554 592 sed
581 556 796 592 cavendum
822 558 931 605 puto,
959 567 1007 592 ne
1035 567 1112 603 qua
1129 555 1300 593 carmina
1316 556 1463 590 temere

123 622 164 656 et
184 621 282 656 ‘sine
317 619 425 665 justa
465 629 602 654 caussa
628 628 652 652 a
677 618 864 665 temporis
905 618 1173 653 communione
1213 615 1466 664 plurimorum

123 683 349 730 arceantur,
376 681 492 726 atque
520 678 705 714 audacter
720 679 925 714 Horatium
943 678 1209 715 contenderim
1225 679 1467 724 impensiore

123 755 227 782 cura
252 744 342 791 post
369 751 513 776 annum
540 739 696 774 demum
721 750 759 774 u.
788 750 820 775 c.
849 739 934 775 723.
963 739 1125 775 melicae
1160 738 1271 786 poesi
1307 748 1466 784 operam

124 803 292 852 dedisse,
321 801 416 850 quin
442 799 631 837 absolutis
657 800 973 848 pervulgatisque
992 801 1220 837 Sermonum
1247 801 1287 834 et
1313 798 1467 846 epodon

123 864 232 901 fibris
259 865 354 902 huic
378 863 465 900 soli.

222 926 311 963 Jam
338 935 571 973 quamquam
596 923 638 960 in
665 924 843 961 confesso
871 925 952 973 cst,
982 922 1120 959 studiis
1149 922 1214 959 illo
1241 925 1417 970 tempore
1444 931 1467 957 a

123 988 241 1036 poeta
265 986 455 1023 institutis
482 988 562 1022 tres
581 986 732 1033 priores
752 985 965 1022 carminum
993 996 1092 1032 quae
1112 986 1321 1032 supersunt
1347 983 1467 1020 libros

122 1048 245 1086 veluti
283 1049 451 1085 fructum
486 1047 641 1096 deberi,
683 1047 823 1095 quibus
864 1047 1142 1083 consummatis
1184 1045 1377 1092 editisque
1419 1055 1469 1080 ex

122 1111 237 1156 longo
264 1109 469 1146 intervallo
494 1109 663 1155 Augusti
684 1109 799 1155 jussu
826 1108 978 1145 addidit
1007 1110 1209 1157 quartum,
1247 1107 1467 1143 contestan-

122 1172 227 1208 tibus
255 1171 412 1207 Sueton.
441 1171 483 1207 in
508 1171 577 1206 vit.
614 1172 654 1206 et
681 1170 806 1206 Schol.
834 1171 948 1219 Aen,
984 1169 1175 1216 Porphyr.
1206 1170 1245 1204 et
1274 1169 1388 1214 Cruq.
1417 1165 1468 1202 ad

121 1232 185 1270 od.
214 1233 259 1282 4,
298 1232 331 1269 1.
373 1227 442 1282 (cf.
478 1231 637 1268 Kirchn.
674 1233 823 1278 quaest.
860 1242 898 1278 p.
928 1231 962 1267 7.
990 1232 1069 1266 not.
1102 1225 1179 1281 l.):
1221 1229 1298 1265 duo
1337 1230 1469 1264 tamen

122 1295 194 1331 hac
221 1294 263 1330 in
289 1305 331 1329 re
358 1293 603 1341 inexplorata
628 1294 790 1342 restant,
818 1303 918 1340 quae
946 1294 986 1328 et
1012 1292 1169 1338 cognitu
1189 1291 1300 1326 utilia
1318 1291 1358 1325 ct
1374 1299 1468 1325 vero

123 1356 243 1392 etiam
277 1355 448 1392 difficilia
482 1354 720 1400 investigatu
758 1356 858 1390 sunt.
912 1354 1085 1390 Primum
1121 1352 1226 1389 enim
1261 1351 1467 1399 exploran-

123 1417 236 1466 dum,
276 1427 363 1465 qua
398 1420 529 1453 aetate
553 1416 739 1451 Horatius
766 1415 890 1462 lyrica
926 1415 1095 1452 scribere
1132 1415 1302 1452 desierit.
1357 1412 1467 1455 Quae

123 1478 158 1515 si
184 1480 252 1514 aut
279 1479 384 1513 certo
420 1479 487 1513 aut
520 1475 777 1523 probabiliter
810 1477 971 1512 inventa
1009 1478 1089 1525 est,
1132 1475 1300 1523 patescit
1339 1472 1468 1521 simul,

123 1538 279 1587 quando
305 1538 424 1574 trium
448 1537 637 1574 librorum
671 1548 811 1584 corpus
847 1538 889 1573 in
914 1538 1176 1573 Romanorum
1209 1547 1347 1572 manus
1381 1545 1469 1582 per-

123 1588 287 1638 venerit.
354 1598 510 1637 Deinde
553 1609 647 1634 vcro
693 1597 757 1634 diu
802 1599 1044 1646 multumque
1089 1599 1350 1646 disceptatum
1395 1597 1469 1644 est,

123 1664 255 1700 utrum
281 1664 361 1698 tres
389 1661 446 1697 illi
471 1659 562 1696 libri
599 1670 775 1695 seorsum
802 1661 842 1696 et
877 1660 1033 1696 diverso
1069 1663 1244 1708 tempore
1281 1656 1471 1702 divulgati

125 1724 217 1774 sint,
245 1734 296 1759 an
322 1733 400 1758 uno
427 1723 467 1758 et
494 1721 643 1758 codem.
686 1721 800 1764 Quod
827 1732 1061 1769 quamquam
1087 1724 1168 1758 tam
1195 1720 1325 1766 exigui
1352 1717 1471 1766 pretii

124 1788 282 1833 tamque
307 1784 507 1821 levidense
536 1782 822 1830 disquisitionis
859 1785 1130 1829 argumentum
1164 1781 1289 1818 videri
1325 1780 1469 1827 potest,

124 1849 168 1884 ut
194 1846 260 1894 qui
287 1846 377 1882 huic
411 1856 571 1892 operam
596 1844 715 1879 navat
740 1844 773 1880 is
802 1844 849 1879 de
876 1845 965 1880 lana
1004 1845 1164 1892 caprina
1196 1841 1319 1878 rixari
1353 1842 1472 1889 queat

123 1907 361 1955 insimulari,
396 1905 516 1942 habet
550 1907 681 1940 tamen
716 1906 755 1939 ct
780 1904 909 1952 ipsum
937 1916 1012 1953 quo
1040 1903 1352 1952 commendetur,
1388 1903 1471 1937 tum

123 1970 214 2007 inde
256 1967 359 2016 quod
399 1967 449 2003 ad
487 1977 571 2002 rem
608 1966 871 2002 Romanorum
908 1967 1120 2003 literariam
1161 1963 1471 2011 cognoscendam

125 2032 370 2079 aliquatenus
397 2028 510 2077 facit,
539 2030 621 2064 tum
649 2028 753 2075 quod
780 2028 835 2064 ita
862 2029 1060 2076 aliquanto
1089 2027 1233 2065 certius
1262 2026 1310 2062 de
1339 2025 1469 2070 singu-

124 2094 250 2130 lorum
277 2090 491 2128 carminum
515 2089 710 2126 natalibus
732 2089 909 2135 judicare
936 2090 1038 2126 licet.
1083 2090 1221 2137 Neque
1250 2090 1382 2124 tamen
1407 2097 1470 2122 me

125 2153 336 2202 praeterit,
379 2154 418 2188 et
452 2151 520 2187 vix
545 2162 660 2199 posse
689 2151 790 2188 haue
816 2151 1151 2199 quaestiunculam
1191 2150 1241 2187 ad
1278 2148 1471 2197 liquidum

126 2214 301 2264 perduci,
329 2215 368 2250 et
395 2213 515 2249 multo
543 2213 760 2259 graviorem
787 2217 872 2249 cssc
902 2215 940 2249 ct
966 2213 1124 2259 maj0ris
1151 2211 1269 2260 pretii
1285 2210 1468 2259 priorem.

128 2278 258 2320 Quare
285 2275 474 2321 attingam
501 2274 659 2322 quidem
686 2275 867 2325 alteram,
904 2275 975 2310 sed
1009 2274 1227 2311 accuratius
1263 2275 1306 2309 ut
1333 2271 1470 2319 anqui-

128 2349 233 2387 ram,
274 2339 330 2374 ad
362 2338 472 2385 quod
504 2347 634 2384 usqae
667 2341 824 2383 {empus
858 2337 1056 2374 Horatius
1091 2338 1222 2386 lyrica
1255 2334 1473 2381 scripserit,

129 2409 191 2434 res
218 2399 304 2447 ipsa
330 2397 490 2443 flagitat.
544 2398 657 2434 Nunc
685 2408 772 2433 cum
798 2398 981 2445 permulti
1017 2398 1092 2434 hoc
1125 2398 1167 2434 in
1200 2397 1286 2433 loco
1322 2396 1470 2443 pertra-

131 2459 269 2496 ctando
296 2459 436 2496 mirum
461 2461 649 2507 quantum
676 2470 698 2495 a
724 2470 817 2495 vero
845 2458 1134 2509 aberraverint,
1164 2458 1296 2496 statim
1323 2456 1370 2493 ab
1397 2454 1471 2491 ini-

221 2587 283 2629 12)
307 2589 355 2620 Cf.
379 2589 514 2621 Passov.
538 2590 595 2621 vit.
620 2599 650 2631 p.
676 2588 810 2621 LXXV.
