1643 2959
707 233 978 277 ...1¹70—

189 343 326 383 Annal.
355 345 374 382 1
387 371 399 394 ,
425 340 508 396 43.)
545 344 589 378 ut
621 344 790 394 taceam,
832 342 1083 381 Octavianum
1121 342 1283 393 simplici
1323 342 1500 383 Caesaris

189 405 342 443 nomine
369 403 587 453 compellari
610 415 647 442 v.
673 404 736 443 29.

286 524 528 562 GARMEN
550 527 765 566 xxxvl-
786 528 873 578 „Ec
894 529 984 566 ture
1008 528 1047 575 et
1065 522 1241 572 fidibus»
1264 523 1316 563 ad
1338 525 1502 569 Plotium

187 587 411 637 Numidam,
445 588 596 625 Horatii
630 591 670 626 et
701 588 860 626 Lamiae
885 588 1050 626 amicum
1084 585 1142 640 (v.
1169 585 1243 639 7.),
1270 596 1321 623 ex
1345 587 1503 636 expedi-

186 648 291 685 tione
320 649 547 687 Cantabrica
570 650 750 687 reducem
775 646 833 702 (v,
861 645 921 701 4.)
948 649 1097 697 datum,
1119 659 1152 684 a.
1180 659 1222 684 u.
1246 660 1278 685 c.
1296 648 1382 685 730.
1410 659 1501 686 exa-

185 710 311 746 ratum
336 711 409 760 est,
434 710 512 747 nisi
543 713 641 748 sone
673 711 819 748 Plotius
852 711 960 759 prius
991 710 1034 747 in
1066 709 1217 747 Italiam
1249 708 1378 747 rediit.
1428 709 1503 748 Hie

184 779 336 819 quoque
363 771 411 808 de
436 771 691 820 interpretum
716 772 919 810 concordia
951 771 1087 808 laetari
1119 771 1221 808 licet.
1257 772 1303 808 cf.
1330 770 1500 807 Masson.

183 831 251 869 vit.
279 842 317 880 p.
343 831 429 869 218.
459 833 605 871 Grotef.
640 844 678 882 p.
716 833 799 872 472.
819 845 852 871 a.
879 833 1033 872 Passov.
1066 833 1145 871 not.
1183 831 1266 870 152.
1300 831 1501 870 Kirchner.

183 890 260 929 tab.
288 892 366 931 chr.

281 1012 523 1050 cARMEN
553 1015 795 1054 xxxvl!-
838 1016 990 1066 „Nunc
1014 1018 1075 1052 est
1104 1014 1345 1052 bibendum„
1385 1016 1501 1062 poeta

182 1074 322 1110 cecinit
353 1076 558 1112 auctumno
591 1078 681 1113 anni
715 1076 823 1125 724„
859 1086 945 1113 cum
971 1075 1018 1112 de
1045 1076 1158 1123 capta
1190 1074 1426 1112 Alexandria
1459 1077 1500 1112 et

179 1135 395 1172 voluntaria
419 1135 472 1173 Μ.
498 1137 659 1174 Antonii
684 1139 723 1175 et
741 1137 965 1185 Cleopatrae
982 1138 1106 1173 morte
1122 1131 1220 1188 (Dio
1237 1135 1298 1185 51,
1325 1132 1502 1188 9—14.)

179 1191 340 1232 Romam
365 1197 536 1244 perlatus
562 1200 666 1235 esset
689 1198 858 1235 nuntius.
887 1197 999 1241 Quod
1024 1198 1166 1233 factum
1191 1207 1241 1232 m.
1267 1194 1497 1245 Septembri.

178 1256 278 1294 Nam
303 1257 470 1295 mirabili
503 1270 594 1296 casu
628 1260 787 1310 accidit,
821 1262 864 1296 ut
888 1259 944 1297 M.
969 1258 1117 1296 Tullius
1145 1257 1300 1307 Cicero,
1334 1257 1500 1294 oratoris

177 1318 291 1367 filius,
318 1319 386 1366 qui
412 1329 462 1356 ex
485 1319 583 1357 Idib.
612 1321 715 1369 Sept.
743 1331 831 1358 ann.
859 1320 943 1357 724.
972 1319 1021 1357 ab
1049 1318 1261 1356 Octaviano
1294 1317 1336 1353 in
1361 1327 1498 1355 consu-

175 1376 258 1415 latu
284 1380 429 1426 collega
455 1383 673 1430 assumptus
707 1383 791 1418 erat
824 1378 999 1433 (Gruter.
1028 1380 1141 1416 inser.
1169 1390 1206 1426 p.
1233 1376 1360 1416 CCIC.
1385 1378 1497 1425 Pigh.

177 1450 265 1476 ann.
293 1440 400 1477 Rom.
427 1442 518 1477 tom.
545 1442 612 1478 III.
638 1453 675 1489 p.
704 1440 836 1494 495),
877 1441 1055 1480 Caesaris
1080 1441 1214 1476 literas
1240 1438 1289 1477 de
1315 1441 1499 1487 superato

176 1500 346 1538 Antonio
372 1501 548 1550 belloque
574 1502 836 1539 Alexandrino
870 1503 1044 1539 consecto
1069 1501 1231 1538 Romam
1262 1499 1400 1538 missas
1425 1511 1496 1549 pro

176 1562 360 1599 concione
383 1563 568 1600 recitaret
600 1560 719 1615 (Plut.
746 1564 815 1600 vit.
845 1563 922 1601 Cic.
948 1563 1009 1599 fin.
1036 1562 1113 1600 Dio
1139 1562 1208 1611 51,
1242 1557 1339 1615 19).
1378 1559 1498 1599 τοῦτο’

174 1623 219 1660 τὲ
241 1634 340 1668 τινες
365 1621 436 1660 οὐκ
461 1621 582 1662 ἀθεεὶ
601 1621 649 1671 δὴ
676 1621 835 1673 συμβὰν
859 1620 1100 1672 ἐλάμβανον,
1127 1617 1338 1674 ἐπειδήπερ
1363 1620 1386 1659 ὁ
1412 1635 1493 1660 πα-

173 1680 248 1736 τήρ
272 1681 393 1721 αὐτοῦ
416 1681 496 1720 ὑπὸ
521 1683 592 1721 τοῦ
611 1682 827 1722 Ἀντωνίου
852 1682 1096 1733 ὁτιμάλιστα
1120 1678 1330 1730 ἐτεθνήκει.
1362 1682 1440 1720 Dio
1465 1683 1491 1719 l.

173 1744 200 1781 1.
226 1763 276 1773 ι-
300 1743 378 1781 Res
403 1746 484 1781 tam
508 1746 663 1795 aperta,
690 1747 733 1781 ut
757 1745 1010 1793 interpretum
1036 1743 1253 1781 dissensum
1285 1742 1492 1791 prohibue-

173 1804 236 1841 rit.
264 1806 310 1842 cf.
337 1805 506 1842 Masson.
547 1815 585 1854 p.
615 1805 684 1843 177
712 1816 769 1854 sq.
809 1807 850 1842 et
881 1805 924 1842 in
954 1805 1043 1843 Jani
1078 1805 1208 1853 templ.
1243 1814 1319 1841 res.
1353 1814 1392 1852 p.
1418 1803 1492 1855 61.‚

173 1865 322 1904 weich.
351 1866 399 1903 de
431 1867 519 1905 Var.
555 1868 597 1903 et
630 1867 736 1904 Cass.
770 1877 810 1915 p.
837 1865 922 1905 372.
971 1866 1128 1903 Summo
1154 1865 1243 1912 jure
1278 1865 1424 1903 Grotef.
1450 1875 1490 1914 p.

173 1927 256 1964 466.
269 1927 306 1964 b.
334 1926 419 1964 468.
435 1939 468 1965 a.
496 1926 630 1966 469.b.
658 1927 731 1964 hoc
755 1938 910 1965 carmen
943 1927 1113 1965 omnium
1146 1926 1312 1976 primum
1337 1925 1491 1975 pervul-

171 1989 302 2034 gatum
328 1999 413 2025 esse
439 1989 488 2026 ab
513 1987 676 2026 Horatio
702 1988 811 2025 dixit.

268 2047 376 2086 Idem
400 2060 438 2097 p.
466 2050 550 2087 466.
565 2050 603 2087 b.
631 2050 832 2087 verissime
859 2049 1014 2099 scripsit
1039 2050 1156 2087 haec:
1183 2048 1400 2099 „Obgleich
1424 2047 1488 2086 die

169 2109 328 2147 letztere
355 2110 438 2147 Ode
465 2107 524 2162 (2,
551 2108 608 2163 7.)
643 2111 762 2148 schon
789 2111 875 2148 eine
902 2111 1003 2149 hohe
1028 2110 1270 2157 vollendung
1294 2109 1416 2157 zeigt,
1443 2118 1487 2144 so

169 2168 238 2206 hat
263 2170 319 2206 sie
344 2170 398 2207 im
431 2173 561 2208 ersten
584 2173 721 2208 Worte
754 2172 824 2210 des
857 2173 893 2210 5.
919 2173 1060 2211 verses
1093 2172 1164 2208 mit
1191 2170 1304 2217 J'ener
1336 2164 1420 2219 (od.
1449 2167 1485 2219 1,

169 2225 252 2282 37.)
283 2231 383 2268 noch
417 2230 480 2269 die
514 2232 757 2281 synaloephe
792 2233 964 2282 gemein,
1000 2230 1187 2284 (Pompei
1218 2231 1260 2267 et
1281 2224 1484 2282 Antehac)

168 2300 279 2328 wozu
303 2291 346 2328 in
370 2291 439 2329 der
465 2295 594 2331 ersten
620 2294 703 2331 Ode
730 2289 789 2346 (1,
816 2289 917 2346 37),
944 2292 1010 2330 die
1035 2291 1258 2341 iiberdieSS,
1283 2291 1360 2327 fast
1383 2289 1483 2327 ohne

167 2351 400 2390 abzusetzen
424 2355 503 2391 und
527 2355 628 2392 ohne
653 2355 726 2392 alle
754 2354 1171 2403 Strophenabtheilung
1197 2351 1260 2389 die
1284 2350 1481 2398 Begeben-

166 2413 299 2451 heiten
325 2413 432 2451 eines
458 2417 596 2454 Jahres
621 2426 698 2454 von
723 2415 792 2453 der
818 2415 996 2453 Sohlaeht
1028 2415 1094 2453 bei
1117 2413 1272 2454 Actium
1302 2411 1364 2450 bis
1395 2423 1482 2450 zum

165 2473 473 2523 beabsichtigten
496 2477 705 2525 Triumphe
731 2476 828 2514 iiber
854 2477 1058 2526 Cleopatra
1090 2486 1134 2513 so
1165 2474 1208 2512 in
1241 2474 1304 2511 ein
1330 2474 1481 2511 Ganzes

167 2536 351 2587 verwebt,
377 2537 432 2575 als
457 2544 571 2574 wenn·
586 2539 691 2575 Alles
717 2537 964 2576 unmittelbar
988 2537 1087 2575 nach
1114 2533 1297 2573 einander
1321 2535 1481 2582 gesche-

168 2595 244 2636 hen
267 2601 386 2650 ware,
414 2598 476 2636 die
501 2598 674 2639 Freiheit
689 2598 850 2650 kommt‚
877 2598 953 2636 den
968 2596 1204 2639 Alkaischen
1221 2597 1317 2636 Vers
1333 2591 1391 2649 (v.
1418 2590 1478 2647 5.)
