1643 2959
630 853 781 932 Cap.
822 855 977 913 VII.

303 981 350 1013 De
373 981 568 1023 temporibus
592 984 706 1023 quibus
732 984 888 1026 epistolae
911 985 984 1016 libri
1007 983 1033 1014 Ι.
1057 984 1197 1024 scriptae
1220 985 1294 1015 sint.

235 1168 527 1207 EPIS'I'OLA
560 1170 599 1208 1.
648 1173 834 1221 temporis
876 1172 1031 1210 indiciis
1074 1174 1192 1210 caret.
1262 1170 1339 1209 Sed
1382 1181 1470 1213 cum

137 1232 320 1283 prologus
346 1231 436 1268 libri
463 1233 526 1282 sit,
553 1233 752 1280 probabile
780 1237 840 1271 est
867 1246 953 1271 eam
979 1236 1152 1270 extrema
1176 1234 1286 1281 parte
1313 1243 1348 1269 a.
1369 1232 1469 1281 734„

139 1305 216 1342 qua
249 1293 422 1339 syllogen
464 1295 731 1342 pervulgatam
773 1307 860 1332 esse
903 1296 1093 1344 vidimus,
1135 1296 1333 1331 exaratam
1371 1304 1469 1330 esse.

141 1354 212 1392 Cui
237 1354 380 1391 rationi
405 1355 459 1391 nil
485 1355 626 1392 obstat.
681 1357 785 1400 Quin
812 1368 858 1394 eo
885 1357 1027 1394 certior
1061 1356 1157 1392 mihi
1189 1355 1346 1392 videtur
1371 1365 1472 1404 esse,

139 1427 217 1464 quo
244 1415 382 1452 clarius
418 1419 557 1464 poetae
593 1418 794 1455 consilium
834 1430 884 1455 ex
919 1418 1084 1467 epistola
1118 1417 1256 1454 elucet.
1307 1417 1473 1454 Non‘se

141 1479 274 1526 aptum
301 1478 464 1526 amplius
491 1481 745 1527 paratumque
773 1491 859 1516 esse
895 1480 950 1516 ait
976 1479 1026 1516 ad
1060 1490 1123 1516 res
1148 1478 1316 1515 ludicras
1351 1479 1391 1514 et
1424 1476 1474 1514 ad

142 1539 313 1576 carmina
346 1539 504 1577 levioris
538 1541 755 1587 argumenti
790 1541 1005 1589 pangenda.
1067 1541 1208 1577 Totum
1247 1551 1290 1576 se
1327 1538 1476 1576 versari

142 1600 184 1635 in
209 1600 478 1648 philosophiae
513 1602 653 1639 studio.
715 1602 836 1650 quue
872 1613 963 1651 prae
1000 1601 1162 1638 caeteris
1197 1600 1356 1646 dignum
1389 1610 1475 1636 esse

145 1659 249 1708 quod
275 1660 323 1697 ab
350 1662 529 1698 omnibus
557 1664 670 1699 enixe
698 1666 905 1713 tractetur,
941 1662 1124 1711 quoniam
1157 1671 1272 1698 nemo
1305 1672 1385 1698 non
1418 1660 1475 1697 di-

144 1721 377 1758 versissimis
404 1722 522 1758 animi
548 1724 693 1762 morbis
720 1725 894 1773 affectus‚
921 1723 1168 1772 philosophia
1195 1725 1325 1759 autem
1341 1722 1476 1759 certis-

148 1782 246 1818 sima
285 1784 324 1818 et
362 1783 636 1830 probatissima
669 1785 959 1831 omnigenarum
993 1785 1111 1822 animi
1145 1784 1479 1832 perturbationum

152 1842 344 1880 medicina
371 1844 433 1881 sit.
485 1845 641 1882 Summa
679 1846 798 1892 igitur
832 1847 1018 1895 epistolae
1055 1846 1248 1882 sententia
1282 1846 1323 1882 in
1356 1845 1480 1894 philo·

150 1904 309 1952 sophiae
338 1906 671 1944 commendatione
698 1908 826 1956 posita
853 1911 914 1944 est
940 1904 1010 1959 (cf.
1036 1919 1072 1944 v,
1088 1907 1162 1944 106
1181 1903 1272 1959 sq.).
1301 1907 1378 1944 Sed
1391 1917 1480 1955 ·qua

150 1965 198 2001 de
225 1976 361 2003 caussa
386 1967 671 2016 philosophiam
697 1967 1007 2006 commendavit?
1033 1970 1244 2018 Propterea
1260 1968 1410 2018 opinor,
1436 1969 1480 2004 ut

151 2028 275 2062 totum
299 2027 492 2079 libellum,
528 2030 637 2076 cujus
663 2031 831 2067 maxima
857 2042 949 2079 pars
976 2033 1126 2067 tantum
1152 2042 1175 2067 a
1199 2030 1349 2067 lusibus
1374 2039 1479 2066 rece-

153 2086 223 2136 dit,
251 2090 435 2136 quantum
461 2091 502 2126 in
530 2091 743 2139 sapientiae
762 2093 976 2140 penetralia
994 2092 1213 2141 penetravit
1230 2093 1358 2140 poeta,
1372 2090 1479 2126 Mae-

153 2149 280 2184 cenati
305 2160 328 2186 a
354 2151 479 2197 pretio
505 2153 792 2190 commendaret
817 2164 940 2201 eoque
975 2153 1191 2199 graviorem
1217 2154 1257 2186 et
1274 2150 1480 2196 ,iustiorem

154 2208 245 2244 inde
272 2213 424 2257 peteret
451 2213 759 2263 excusationem,
794 2215 897 2262 quod
930 2225 1009 2250 non
1043 2212 1211 2250 carmina
1235 2211 1376 2262 lyrica,
1412 2211 1482 2247 sed

155 2280 218 2305 res
245 2271 366 2307 serias
394 2274 496 2310 serio
524 2285 699 2311 sermone
726 2278 902 2322 peractas
929 2274 1162 2311 amicissimo
1195 2272 1335 2309 fautori
1368 2273 1480 2310 offer-

157 2331 230 2368 ret.
256 2331 344 2368 Non
370 2335 522 2380 poterat
550 2335 746 2372 dexterius
773 2338 812 2372 et
838 2336 965 2383 aptius
994 2335 1171 2384 praefari.

257 2391 470 2430 Permirum
497 2399 535 2432 et
561 2397 674 2444 plane
701 2397 927 2434 incredibile
955 2399 1015 2434 est
1049 2397 1306 2434 commentum
1330 2394 1481 2433 Kirch-

160 2454 268 2502 neri,
311 2454 376 2501 qui
410 2454 452 2490 in
478 2460 623 2503 quaest.
652 2470 687 2505 p.
716 2458 774 2494 46.
802 2458 1005 2495 Horatium
1040 2458 1174 2495 statuit
1207 2468 1231 2493 a
1256 2457 1482 2501 Maecenate.

163 2514 392 2565 excitatum,
419 2518 463 2552 ut
486 2518 605 2554 Drusi
631 2519 796 2555 Neronis
822 2519 1023 2556 victoriam
1057 2519 1104 2555 de
1138 2517 1347 2555 Vindelicis
1381 2529 1483 2555 anno

164 2574 248 2611 739.
275 2577 507 2624 reportatam
533 2579 699 2616 carmine
735 2579 968 2629 celebraret,
1004 2579 1253 2617 honorificum
1278 2578 1320 2616 id
1345 2590 1482 2617 munus
1524 2569 1527 2572 ’
