1643 2959
674 211 964 254 -152—

154 325 308 374 pserat,
335 335 407 362 nec
433 321 566 360 mirari
593 321 689 357 satis
722 331 896 370 nequeo,
933 320 1037 368 quod
1063 321 1298 360 Buttmann.
1325 323 1368 360 in
1392 321 1483 368 My-

150 386 244 423 thol.
272 386 346 422 vol.
373 385 403 420 I.
431 395 470 431 p.
498 383 572 418 343
599 392 656 430 sq.
684 384 898 430 praeeunte
926 382 1050 419 Schol.
1078 381 1237 420 Acrone
1261 380 1345 435 (ad.
1366 396 1403 421 v.
1424 384 1481 420 1.:
1550 413 1553 415 Α

153 458 253 497 „per
287 437 510 490 allegoriam
544 442 619 480 ode
654 443 731 480 ista
763 443 907 480 bellum
942 443 1132 490 significat
1165 444 1298 493 civile,
1331 445 1375 481 in
1407 455 1484 493 qua

151 507 309 555 quidam
335 505 489 554 volunt,
517 504 622 553 quod
647 508 804 541 moneat
827 505 1116 553 rempublicam.
1170 504 1322 542 Certius
1354 507 1486 542 tamen

152 570 232 616 est,
268 566 373 614 quod
407 566 508 603 Sext.
546 567 793 617 Pompeium,
827 567 1002 615 Pompeji
1033 567 1173 616 filium,
1201 567 1378 616 moneat,
1404 567 1485 616 qui,

151 629 407 676 posteaquam
453 627 590 665 foedus
637 639 725 665 cum
763 629 993 665 Triumviris
1032 629 1144 678 fecit,
1187 627 1331 664 bellum
1374 627 1487 664 civile

151 690 278 726 denuo
304 700 486 737 reparare
512 690 674 727 voluit.'’
725 690 857 726 Acron
893 689 943 726 ad
979 701 1015 726 v.
1054 690 1113 726 11.
1148 691 1322 728 Pontica
1350 690 1486 737 pinus.

152 762 226 800 „ac
253 750 288 786 si
315 750 461 787 diceret
486 762 649 798 magnae
676 751 837 798 originis
873 753 912 788 et
937 751 1174 801 nobilitatis,
1209 750 1280 787 sed
1313 761 1385 798 per
1409 761 1489 786 me-

152 812 356 860 taphoram
383 815 450 849 aut
474 813 754 860 rempublicam
781 813 990 860 alloquitur
1015 815 1082 849 aut
1111 812 1287 850 Cassium
1313 814 1353 849 et
1377 811 1491 848 Pom-

149 873 302 923 peium,
330 874 439 920 cujus
466 876 577 922 pater
604 873 652 910 de
678 874 904 911 Mithridate
921 875 1082 911 Pontico
1100 869 1389 926 triumphavit.)
1416 873 1490 910 hoc

150 935 390 982 poematium
416 935 466 972 ad
491 936 586 972 Sem.
614 935 854 983 Pompejum
886 936 1030 972 bellum
1063 935 1268 983 piraticum
1299 945 1491 972 renovan-

151 998 232 1032 tem
257 997 410 1045 retulit,
445 1007 584 1032 navem
618 1007 689 1043 pro
722 996 808 1043 ipso
842 996 1027 1043 Pompejo
1054 996 1223 1043 positam
1249 1007 1336 1032 esse
1360 996 1490 1032 ratus!

153 1057 263 1100 Quae
289 1056 465 1104 opinatio
493 1057 624 1093 arrisit
649 1057 834 1093 Passovio
861 1053 958 1110 (vit.
987 1059 1067 1093 not.
1096 1056 1211 1109 96.),
1238 1057 1492 1094 vehementer

153 1120 284 1154 autem
312 1118 511 1166 displicuit
537 1117 750 1155 Kirchnero
778 1116 957 1171 (quaest.
986 1129 1024 1166 p.
1052 1118 1112 1154 22.
1142 1116 1178 1168 ἓ.
1208 1115 1313 1172 41.).
1365 1118 1491 1156 Multo

153 1179 394 1228 probabilius
438 1179 502 1216 hie
546 1182 585 1216 et
623 1181 763 1228 reliqui
805 1180 1041 1228 interpretes
1085 1176 1218 1232 (Jani‚
1261 1180 1491 1230 Mitscherl.,

152 1240 353 1290 Doering„
381 1237 599 1294 Vanderb.)
627 1242 740 1278 odam
769 1253 803 1278 a.
823 1242 907 1278 722.
935 1242 999 1278 vel
1024 1241 1108 1277 723.
1138 1244 1262 1278 ortam
1289 1253 1374 1278 esse
1401 1252 1492 1278 eon-

149 1300 348 1351 jeeerunt,
377 1313 463 1339 cum
488 1302 714 1339 inimicitiae
740 1304 843 1340 inter
870 1303 1124 1340 Octavianum
1151 1305 1191 1339 et
1207 1303 1261 1339 M.
1281 1302 1493 1339 Antonium

154 1365 309 1399 coortae
336 1364 619 1401 atrocissimum
644 1364 788 1401 bellum
814 1364 1102 1413 portenderent.
1156 1364 1306 1408 Quibus
1325 1374 1396 1411 ego
1413 1374 1494 1401 non

156 1423 376 1461 dubitarem
402 1426 610 1475 accedere,
645 1427 722 1462 nisi
757 1438 818 1463 me
854 1437 1089 1475 magnopere
1117 1426 1354 1475 offenderet,
1389 1425 1493 1474 quod

155 1485 343 1522 Horatius
370 1486 536 1524 obscura
563 1488 730 1536 quadam
757 1489 962 1538 allegoria,
997 1499 1076 1525 non
1103 1488 1245 1525 diserte
1271 1487 1373 1525 bella
1399 1488 1493 1525 civi-

155 1545 208 1582 lia
234 1545 430 1584 dissuasit.
485 1549 631 1592 Quidni
658 1550 762 1586 enim
785 1550 907 1587 libere
935 1550 1109 1587 elocutus
1135 1550 1252 1587 fuerit
1277 1549 1381 1597 quod
1407 1560 1494 1586 sen-

157 1607 230 1656 sit,
257 1609 302 1642 ut
327 1609 419 1644 fecit
445 1609 486 1645 in
513 1611 625 1658 epod.
654 1611 689 1647 7.
719 1612 843 1661 „Quo
878 1622 957 1659 quo
991 1612 1147 1648 scelesti
1178 1611 1320 1648 ruili3''
1355 1611 1494 1648 eadem

157 1669 285 1704 aetate
313 1667 485 1717 scripto‘ss
535 1672 747 1719 Reputanti
773 1673 932 1720 insuper
957 1672 1073 1721 mihi,
1107 1672 1255 1709 nullum
1290 1683 1377 1709 esse
1411 1683 1495 1709 car-

156 1739 247 1764 men
271 1729 453 1781 lyricum,
482 1732 585 1780 quod
612 1733 813 1770 evidenter
830 1734 984 1770 evincas
1003 1736 1091 1770 ante
1109 1744 1279 1782 pugnam
1295 1733 1494 1770 Actiacam

158 1791 302 1826 factum
335 1803 443 1842 esse,
480 1796 590 1830 extra
623 1805 777 1831 omnem
811 1795 1093 1832 dubitationem
1126 1796 1298 1843 positum
1323 1795 1492 1845 videtur,

159 1853 200 1887 et
234 1851 418 1899 singulari
454 1854 501 1891 de
537 1866 673 1892 caussa
707 1857 911 1893 Horatium
945 1858 1129 1904 allegoria
1161 1868 1276 1893 usum
1309 1867 1417 1906 esse,
1453 1858 1494 1893 et

160 1913 236 1948 alia
263 1915 435 1961 eclogam
461 1917 663 1954 occasione
690 1921 807 1966 atque
833 1919 948 1965 vulgo
983 1921 1141 1967 putetur
1176 1920 1215 1955 et
1239 1917 1398 1966 quidem
1423 1917 1494 1954 ali-

160 1977 305 2021 quanto
331 1977 547 2024 posteriore
575 1981 748 2027 tempore
777 1980 960 2028 scriptam
977 1991 1076 2017 esse.
1129 1980 1338 2017 Patescunt
1362 1981 1493 2016 autem

161 2036 290 2073 omnia
316 2040 356 2074 et
382 2039 594 2077 clarissima
627 2041 878 2077 offunduntur
902 2042 1009 2092 luce,
1046 2043 1080 2079 si
1112 2041 1355 2088 ingeniosam
1389 2041 1491 2078 Tor-

160 2099 278 2135 rentii
302 2099 561 2147 conjecturam
589 2097 736 2154 (etiam
762 2103 945 2140 Massono
971 2104 1040 2140 vit.
1068 2104 1161 2140 Hor.
1189 2114 1226 2150 p.
1254 2102 1338 2151 68„
1373 2101 1492 2138 Sana-

163 2157 264 2195 dono
292 2162 331 2196 et
358 2162 581 2198 Grotefend.
609 2174 646 2211 p.
677 2165 760 2201 466.
790 2165 827 2201 b.
856 2160 1080 2216 probatam)
1108 2163 1304 2212 sequaris,
1340 2173 1390 2199 ex
1415 2173 1492 2210 qua

163 2230 317 2257 carmen
343 2222 393 2259 ad
419 2223 460 2260 id
485 2226 637 2272 tempus
665 2227 850 2275 refertur,
879 2237 954 2273 quo
971 2226 1169 2271 Augustus
1197 2224 1244 2260 de
1271 2223 1491 2272 principatu

163 2280 391 2328 deponendo
419 2285 659 2322 deliberabat
684 2284 862 2338 (Sueton.
882 2287 980 2333 Aug.
999 2282 1098 2338 28.).
1149 2286 1381 2322 Persuasum
1407 2287 1491 2321 erat

162 2342 345 2392 Horatio,
380 2355 481 2382 nova
514 2347 614 2384 mala
649 2350 688 2384 et
723 2348 824 2384 bella
858 2348 987 2384 civilia
1011 2347 1212 2384 imminere
1238 2346 1490 2396 reipublicae,

164 2403 198 2439 si
224 2404 373 2450 potenti
390 2407 562 2456 principe
581 2408 804 2458 orbaretur3
831 2411 993 2446 noverat
1017 2411 1294 2447 Maecenatem
1317 2409 1362 2444 in
1385 2418 1489 2445 ora-

161 2466 290 2515 tione,
315 2476 439 2515 quam
463 2469 686 2519 habuisset,
720 2475 767 2508 uc
798 2470 1028 2519 Augustum
1063 2473 1119 2508 ad
1151 2470 1364 2517 imperium
1387 2471 1488 2507 reti-

163 2529 345 2564 nendum
361 2529 655 2579 adhortaretur,
679 2532 969 2577 rempublicam
986 2541 1243 2578 comparasse
1260 2541 1353 2568 cum
1376 2531 1487 2568 navi.

163 2587 269 2631 Quid
303 2586 469 2628 mirum?
501 2591 537 2628 si
571 2593 611 2628 et
643 2591 728 2640 ipse
763 2591 994 2630 sententiam
1028 2602 1158 2644 suam,
1198 2602 1297 2641 quae
1330 2591 1486 2641 penitus
