1643 2959
702 211 978 254 -138ἡ

183 318 351 357 occisum
378 321 420 358 C.
450 321 673 369 Caesarem,
700 331 816 368 quem
839 321 994 358 Cassius
1022 325 1061 358 et
1077 322 1219 360 Brutus
1245 325 1385 374 aliique
1412 337 1500 364 con-

176 380 298 426 jurati
323 381 614 430 interfecerant,
641 381 761 418 multa
778 384 958 429 portenta
976 386 1065 420 sunt
1082 383 1179 434 visa,
1205 385 1356 422 Tiberis
1383 387 1500 424 etiam

182 443 323 491 crevit,
350 443 392 477 ut
418 441 587 489 prodigii
611 441 696 479 loco
723 442 942 480 haberetur.
987 445 1094 482 Haec
1111 447 1242 482 autem
1259 449 1395 484 omma
1417 450 1504 486 vult

179 505 307 540 videri
328 500 442 548 facta
467 505 511 540 in
535 505 728 542 ulcionem
753 507 874 543 occisi
894 508 1089 554 principis
1115 509 1155 543 et
1179 518 1344 556 poenam
1370 519 1501 545 eorum

180 564 246 611 qui
272 563 374 599 bella
408 564 537 600 civilia
574 575 689 611 agere
722 576 801 603 non
836 566 1076 605 desinebant.
1130 569 1255 612 Quam
1284 565 1501 607 inundatio-

178 634 268 660 nem
293 624 446 662 Tiberis
473 625 522 662 ad
548 626 761 674 periculum
794 627 992 666 ruinarum
1027 629 1102 666 alio
1131 629 1241 667 duxit
1268 630 1428 667 solum.”
1452 651 1503 659 --

177 685 264 721 Jam
290 696 384 723 vero
411 697 497 724 cum
523 698 570 724 ea
595 688 745 739 omnia,
781 699 879 736 quae
915 690 1026 726 affert
1059 694 1195 741 poeta,
1230 703 1301 740 pro
1331 703 1378 728 ea
1403 702 1501 739 quae

177 748 260 783 tum
297 747 456 784 tenebat
494 748 692 787 hominum
737 750 884 786 animos
925 752 1203 800 superstitione
1242 764 1266 789 a
1307 753 1502 802 plerisque

177 807 281 844 haud
308 807 424 845 dubie
451 809 552 847 bella
578 811 706 848 civilia
735 814 977 859 portendere
1002 813 1149 850 credita
1175 814 1271 852 sint:
1299 814 1502 860 singularis

176 869 293 905 fuerit
317 870 417 906 ratio
443 882 603 908 necesse
630 873 712 922 est,
740 882 816 920 qua
842 872 979 910 ductus
996 874 1179 911 Horatius
1197 875 1395 921 vulgarem
1420 875 1503 923 opi-

176 929 332 967 nionem
356 931 524 979 reliquit,
577 933 697 980 Atqui
734 933 782 969 de
815 933 1006 971 industria
1047 937 1090 971 ut
1134 936 1288 973 videtur
1329 936 1502 973 Tiberim

174 993 345 1029 ultorem
387 991 504 1042 Iliae,
545 995 584 1029 et
624 993 878 1030 Octavianum
916 1006 1070 1032 rursum
1111 998 1281 1034 ultorem
1325 997 1501 1034 Caesaris

177 1051 288 1089 dixit.
316 1053 418 1098 Ergo
436 1053 646 1090 verisimile
674 1055 736 1104 fit,
765 1066 853 1092 eum
878 1055 974 1092 Julii
994 1057 1172 1094 Caesaris
1199 1059 1363 1094 mortem
1381 1058 1502 1094 omni·

176 1124 241 1150 um
274 1113 484 1164 malorum,
528 1125 627 1162 quae
662 1126 848 1163 perpessa
883 1119 986 1154 esset
1020 1118 1193 1154 Romana
1230 1118 1389 1169 civitas,
1424 1119 1502 1167 pri-

176 1175 336 1211 mariam
363 1186 540 1212 caussam
567 1176 782 1222 significare
810 1179 849 1214 et
876 1178 1088 1216 Octaviano
1115 1181 1321 1227 propterea
1346 1179 1503 1227 potissi-

175 1247 280 1272 mum
307 1237 512 1283 gratificari
539 1238 722 1288 voluisse,
750 1238 852 1286 quod
873 1239 1049 1276 Caesaris
1075 1242 1182 1277 ultor
1208 1242 1322 1276 esset.
1365 1238 1502 1289 (Recte

177 1297 300 1334 Schol.
335 1298 475 1347 Cruq.:
512 1299 650 1348 „Hanc
682 1299 785 1336 oden
820 1300 955 1337 scribit
988 1301 1030 1337 in
1064 1300 1250 1338 honorem
1277 1302 1316 1337 et
1342 1301 1504 1347 gratiam

174 1358 350 1406 Auyusti
381 1359 600 1411 ultorislv)
653 1361 739 1403 Quo
775 1361 914 1398 callido
949 1362 1110 1399 artificio
1149 1372 1227 1398 non
1255 1362 1378 1398 solum
1403 1361 1504 1399 bella

175 1419 304 1456 civilia
329 1420 550 1457 necessario
578 1432 627 1457 ex
653 1421 846 1458 occisione
883 1423 1059 1459 Caesaris
1094 1423 1252 1459 fluxisse
1287 1425 1326 1459 ct
1352 1433 1503 1459 omnem

174 1481 361 1518 malorum
387 1482 538 1529 culpam
565 1482 605 1518 in
632 1482 737 1530 ipsos
764 1483 957 1519 Romanos
976 1484 1247 1520 conferendam
1272 1494 1358 1520 esse
1375 1485 1503 1520 osten-

176 1542 253 1592 dit,
282 1543 351 1579 sed
377 1542 547 1579 celebrat
574 1543 691 1580 etiam
718 1544 993 1593 Octavianum,
1028 1547 1072 1580 ut
1105 1544 1171 1592 qui
1198 1544 1343 1580 scelera
1371 1544 1503 1593 expia-

174 1604 274 1640 verit
300 1606 339 1640 et
365 1605 653 1641 conservaverit
686 1605 973 1652 rempublicam.
1026 1604 1120 1641 Inde
1155 1604 1273 1651 igitur
1307 1607 1366 1642 est
1400 1606 1504 1654 quod

174 1664 309 1701 crebra
342 1665 407 1702 illa
439 1667 602 1701 naturae
636 1665 813 1713 prodigia
846 1665 895 1702 ab
922 1666 1031 1703 iratis
1059 1665 1133 1702 diis
1160 1666 1202 1701 in
1227 1666 1439 1713 perniciem
1464 1669 1504 1704 et

175 1725 407 1774 supplicium
439 1727 700 1763 Romanorum
733 1727 907 1763 immissa
941 1738 1027 1763 esse
1063 1726 1172 1762 dixit.
1233 1727 1382 1775 Volupe
1409 1738 1502 1764 vero

174 1790 235 1823 est
268 1787 460 1824 rationem
495 1788 709 1838 expiscari,
752 1799 830 1835 qua
864 1787 1000 1825 ductus
1035 1788 1220 1825 Horatius
1249 1788 1504 1826 Octavianum

174 1849 271 1896 ipsis
297 1848 428 1885 verbis
456 1848 598 1885 dixerit
630 1850 816 1887 Caesaris
842 1850 1022 1887 ultorem,
1076 1849 1180 1892 Quid
1207 1846 1336 1886 enim'l
1388 1850 1503 1888 Octa-

175 1909 310 1946 vianus
338 1910 421 1958 ipse
450 1922 491 1947 se
517 1921 597 1947 non
621 1910 810 1957 regnandi
837 1911 1049 1959 cupiditate
1078 1910 1179 1947 bella
1205 1911 1373 1957 gessisse
1401 1921 1502 1948 sum-

176 1981 355 2018 mumque
381 1971 586 2019 imperium
613 1972 687 2009 sibi
714 1983 958 2020 comparasse
996 1971 1066 2008 sed
1098 1974 1142 2008 ut
1175 1975 1340 2010 caedem
1372 1973 1503 2020 patris

173 2034 432 2070 ulcisceretur
459 2035 498 2068 et
524 2033 736 2081 perniciem
762 2045 785 2070 a
812 2033 968 2070 civitate
987 2035 1194 2082 averteret,
1222 2033 1374 2081 publice
1401 2032 1500 2068 affir-

174 2094 293 2130 mavit
310 2094 442 2130 nescio
457 2093 632 2131 dicamne
655 2106 705 2132 an
720 2095 914 2132 simulavit
931 2095 971 2131 in
985 2094 1158 2131 oratione
1169 2104 1282 2141 quam
1296 2092 1499 2139 imperium

175 2153 420 2202 depositurus
457 2166 557 2193 anno
592 2167 630 2192 u.
659 2167 690 2192 c.
719 2157 804 2193 726.
832 2156 874 2192 in
901 2157 1039 2192 senatu
1065 2154 1211 2191 habuit.
1266 2152 1369 2190 Audi
1386 2153 1500 2190 modo

175 2226 264 2252 eum
290 2215 481 2253 dicentem
507 2216 612 2265 apud
636 2217 752 2254 Dion.
783 2218 889 2254 Cass.
918 2216 987 2264 53,
1016 2216 1072 2251 4.:
1100 2211 1214 2261 „dms
1254 2212 1400 2264 ἀφίημι
1433 2210 1501 2261 τὴν

174 2273 295 2328 ἀρχὴν
320 2274 497 2324 ἅπασαν,
525 2279 590 2315 καί
607 2273 840 2326 ἀποδίδωμι
856 2275 948 2325 ὑμῖν
965 2275 1096 2313 πάντα
1114 2274 1280 2321 ἁπλαῖς,
1306 2272 1355 2312 τὰ
1382 2271 1499 2325 ὅπλα,

175 2335 266 2383 τούς
290 2336 447 2385 νόμους,
474 2337 523 2376 τὰ
550 2338 667 2387 ἔθνη,
696 2338 767 2389 οὐχ
794 2336 905 2383 ὅπως
931 2333 1054 2374 ἐκεῖνα
1079 2335 1158 2375 ὅσα
1180 2349 1252 2385 μοι
1275 2335 1387 2385 ὑμεῖς
1412 2331 1500 2373 ἔπε-

178 2400 364 2449 τρέψατε,
392 2397 494 2436 ἀλλὰ
518 2402 583 2438 καῖ
601 2398 678 2439 ὅσα
696 2396 813 2445 αὐτὸς
837 2395 937 2448 μετὰ
964 2398 1089 2436 ταῦτα
1114 2396 1208 2447 ὑμῖν
1231 2399 1500 2448 προσεκτησά-

174 2472 262 2507 μην.
277 2460 341 2496 ἵνα
353 2461 418 2497 καῖ
431 2456 474 2505 ἒξ
488 2459 616 2498 αὐτῶν
632 2460 710 2499 τῶν
723 2460 847 2512 ἔργων
859 2458 1120 2509 καταμάθητε
1136 2457 1262 2504 τοῦθ’,
1291 2455 1313 2495 ὅ
1323 2471 1368 2495 τι
1394 2454 1494 2496 οὐδ’

176 2520 246 2558 ἀπ’
277 2520 429 2573 ἀρχῆς
456 2517 755 2566 δυναστείας
780 2519 915 2566 τινὸς
941 2517 1257 2569 ἐπεθύμησα,
1285 2517 1388 2557 ἀλλ’
1423 2517 1499 2557 ὅν-

177 2595 269 2628 τως
302 2581 369 2633 τῷ
402 2594 451 2620 τε
485 2583 636 2633 πατρὶ
669 2578 845 2628 δεινῶς
887 2582 1129 2632 σφαγέντι
1162 2581 1495 2632 τιμωρῆσαι,
