1679 2948
150 296 236 322 mm
261 284 430 333 primum
457 285 632 320 confecta
659 286 699 320 et
726 287 833 322 edffta
859 285 1003 333 fuisse,
1039 294 1119 320 non
1153 285 1386 330 conjecturis
1421 286 1491 322 sed

149 348 255 383 certo
289 348 429 393 poetae
465 345 690 381 testimonio
724 346 912 393 probatur
945 345 985 381 in
1022 345 1135 393 epist.
1173 345 1216 394 1,
1254 345 1312 382 19.
1341 345 1390 381 32
1418 357 1489 396 sq.‚

150 407 238 443 ubi:
286 408 439 457 „Hunc
474 407 597 454 (3.1]οῤξ
629 407 756 454 inquit
781 429 833 435 -—
856 407 1055 445 Alcaeum
1089 406 1304 454 respiciens
1340 403 1488 456 (Bentl.

149 467 200 504 ad
226 467 264 504 h.
291 464 362 521 1.),
392 469 453 504 vel
480 471 523 503 ut
548 468 773 504 XVeicherto
802 468 850 504 de
879 468 993 515 epist.
1022 467 1118 515 prol.
1148 467 1176 504 Ι.
1205 479 1242 516 p.
1274 468 1332 505 14.
1362 471 1400 505 et
1430 469 1487 506 15.

148 529 289 578 placet,
317 529 516 566 Alcaeum
543 531 581 564 et
607 530 769 576 Sappho
797 529 910 564 simul
935 553 985 556 ,-

342 591 497 640 „Hunc
524 601 618 638 eqo,
647 601 727 626 non
753 590 828 626 alio
857 590 1003 626 dictum
1029 591 1138 637 prius
1167 602 1260 640 ore,
1287 592 1464 629 Latinus

353 652 527 698 I'ulyavc'
549 650 722 698 fidicen;
744 651 857 696 juvat
884 651 1154 687 immemorata
1181 653 1373 688 ferentem

346 711 530 756 Ingenuis
558 711 757 758 oculisque
784 712 863 757 legi
889 712 1145 759 manibusque
1173 713 1309 749 teneri.

346 771 452 807 Scire
481 772 598 820 velis,
635 782 722 807 mea
749 783 817 807 cur
843 771 1018 818 ingratus
1055 775 1254 820 opuscula
1274 771 1332 822 ¹³)
1368 775 1488 811 lector

344 831 495 868 Laudet
511 835 690 880 ametque
707 832 824 881 domi,
842 835 993 879 premat
1010 835 1121 868 extra
1138 834 1257 869 limen
1273 834 1429 882 iniquus
1439 832 1486 871 2²²

144 895 246 941 Ergo
274 893 487 930 carminum
512 893 632 930 libros
660 894 910 930 manifestum
937 896 996 930 est
1024 905 1146 942 usque
1184 895 1235 931 ad
1271 905 1360 931 ann.
1399 896 1483 932 734.

143 956 205 992 vel
231 955 282 991 ad
308 966 501 991 summum
527 955 599 991 hoc
627 955 714 1003 ipso
741 957 844 992 foras
882 955 992 992 datos
1020 968 1118 993 esse.
1173 956 1326 994 Deinde
1361 958 1487 1005 prima

144 1017 275 1053 statim
302 1016 486 1065 epistola,
528 1026 644 1064 quam
678 1017 794 1053 nullis
829 1017 973 1053 additis
1009 1019 1247 1064 argumentis
1274 1018 1484 1055 XVeicllelt.

143 1081 245 1126 poet.
274 1078 341 1114 rel.
369 1089 407 1125 p.
437 1077 522 1113 458.
552 1078 602 1114 ad
629 1089 663 1114 a.
694 1078 778 1114 737.
807 1079 963 1127 retulit3
999 1090 1108 1115 mero
1144 1091 1237 1115 vero
1267 1083 1484 1117 commento

141 1140 376 1176 Kirchnerus
404 1140 446 1175 in
473 1141 622 1186 quaest.
663 1151 701 1188 p.
731 1139 792 1176 36.
821 1139 871 1176 ad
898 1151 931 1176 a.
961 1140 1045 1176 739.
1085 1141 1145 1176 vel
1181 1141 1290 1189 740.;
1331 1151 1402 1186 ego
1443 1145 1485 1177 ut

142 1212 212 1249 par
238 1203 298 1237 est
324 1200 501 1248 proxime
528 1202 619 1247 post
659 1201 866 1248 epistolam
893 1201 953 1238 20.
992 1202 1178 1249 scriptam
1206 1201 1361 1247 judico,
1397 1213 1484 1249 per-

140 1262 276 1311 spicuo
305 1261 535 1298 documento
572 1264 631 1298 est
657 1262 864 1298 Horatium
903 1265 1005 1312 tum,
1047 1274 1134 1299 cum
1175 1262 1350 1310 epistolis
1391 1263 1483 1300 scri-

139 1323 278 1360 bendis
304 1334 465 1371 operam
492 1323 623 1372 dabat,
647 1326 807 1370 pridem
834 1319 890 1376 (v.
913 1324 946 1360 3.
978 1327 1143 1374 antiquo
1169 1321 1284 1378 ludo)
1303 1323 1352 1360 ad
1369 1324 1484 1360 finem

140 1385 371 1432 perduxisse
415 1384 561 1433 lyrica,
601 1395 674 1421 nec
715 1385 765 1421 ad
803 1385 1026 1421 istiusmodi
1067 1385 1225 1422 levioris
1265 1386 1482 1432 argumenti

139 1446 310 1483 carmina
337 1445 604 1493 componenda
631 1457 717 1482 sese
736 1446 948 1493 proclivem
975 1447 1139 1494 amplius
1167 1449 1377 1494 aptumque
1396 1458 1483 1482 sen-

140 1508 249 1544 sisse.
302 1506 496 1554 Equidem
524 1508 642 1556 certe,
672 1506 861 1554 quidquid
881 1498 1081 1555 disputant
1109 1508 1357 1557 interpretes,
1385 1519 1481 1544 non·
1527 1518 1533 1522 ·

139 1569 230 1605 dum
258 1567 362 1604 aliud
388 1568 429 1604 in
455 1570 538 1603 tota
565 1567 636 1603 hac
666 1568 831 1615 epistola
859 1571 1107 1606 dedictum-iu
1133 1588 1185 1596 -—-
1212 1580 1310 1616 quae
1339 1571 1480 1617 „allo-

89 1626 95 1634 ’
138 1634 244 1668 cutio
273 1632 328 1667 ad
351 1627 665 1667 Maecenatem‘(
685 1630 727 1665 in
754 1630 837 1665 cod.
866 1630 1034 1676 quodam
1050 1630 1246 1667 'I'olrentii
1264 1630 1479 1666 rectissime

139 1692 280 1728 dicitur
304 1712 356 1719 —
381 1690 455 1727 sibi
482 1692 639 1738 poetam
665 1691 835 1727 voluisse
870 1691 911 1727 in
939 1692 1108 1728 animum
1143 1690 1326 1727 inducere
1354 1691 1477 1740 potui,

139 1764 255 1801 quam
280 1755 324 1788 ut
350 1752 569 1789 Maecenati
596 1754 686 1800 post
712 1753 912 1799 evulgatos
939 1753 1083 1799 lyricos
1118 1753 1237 1789 libros
1265 1751 1479 1788 identidem

137 1826 239 1852 nova
266 1814 436 1851 carmina
469 1814 615 1850 lusoria
649 1815 840 1859 flagitanti
877 1825 962 1850 sese
1004 1816 1131 1850 aetate
1171 1815 1210 1849 et
1250 1815 1379 1848 mente
1420 1813 1477 1849 eis

138 1876 354 1913 scribendis
380 1875 569 1921 imparem
595 1875 841 1921 profiteretur
864 1886 963 1923 esse,
992 1874 1160 1922 indeque
1181 1874 1293 1910 simul
1311 1877 1349 1910 et
1367 1885 1476 1910 caus-

137 1949 220 1975 sam
247 1938 410 1985 peteret,
439 1947 515 1983 qua
543 1935 679 1971 ductus
708 1935 868 1982 abjectis
887 1936 1000 1981 nugis
1029 1938 1067 1971 et
1093 1936 1325 1984 tempestivo
1343 1936 1474 1983 pueris

138 2009 322 2036 concesso
348 1997 439 2035 ludo
467 1992 602 2047 (epist.
632 1996 668 2045 2,
697 1997 732 2032 2.
764 1995 870 2049 141.)

413 2081 463 2086 -—
490 2069 568 2094 non
595 2057 715 2094 verba
744 2059 855 2106 sequi
882 2058 1020 2094 fidibus
1049 2058 1283 2095 modulanda
1308 2059 1472 2108 Latinis,

338 2120 415 2158 Sed
441 2131 558 2156 verae
584 2130 843 2167 numerosque
870 2119 1082 2167 modosque
1111 2120 1283 2157 ediscere
1310 2120 1414 2157 vitae

136 2184 274 2233 vellet,
318 2184 358 2218 et
393 2181 705 2232 excusationem,
749 2181 852 2230 quod
885 2181 1053 2229 primum
1086 2181 1224 2217 horum
1257 2181 1472 2218 studiorum

225 2381 286 2421 13)
309 2380 463 2421 Intelligit
486 2380 588 2421 lyrica
613 2379 765 2411 carmina.
812 2379 903 2409 Haec
928 2378 1010 2409 dixit
1045 2389 1076 2410 v.
1112 2379 1166 2412 42.
1202 2387 1325 2421 myas,
1360 2388 1390 2409 v.
1414 2378 1468 2409 44.

138 2426 277 2465 poetica
301 2426 418 2457 mella.
445 2425 486 2456 cf.
512 2424 542 2463 1,
567 2424 597 2456 1.
622 2425 675 2456 10.
714 2424 815 2457 (nunc
838 2424 946 2464 itaque
972 2427 1003 2454 et
1027 2434 1140 2455 versus
1177 2426 1210 2455 et
1241 2424 1385 2455 caetera
1414 2423 1468 2453 lu-

140 2469 247 2501 drica
270 2470 382 2510 pono).
405 2470 542 2501 Passov.
567 2470 623 2501 vit.
648 2472 714 2500 not.
739 2469 814 2501 264.
843 2469 913 2499 Nec
936 2469 1000 2498 alia
1024 2473 1096 2500 sunt
1121 2469 1284 2511 ,siquam
1308 2468 1377 2498 ista
1400 2475 1467 2498 vo-

140 2515 294 2545 luminoe‘
316 2515 366 2545 vel
391 2516 581 2550 „carmina
604 2523 692 2555 quae
712 2515 849 2555 possint
871 2515 990 2545 oculos
1015 2523 1184 2556 auresque
1206 2513 1349 2544 morari
1373 2510 1466 2543 Cae-

140 2560 269 2596 saris‚‘·
314 2559 408 2591 Vinio
433 2560 559 2591 Asellae
582 2560 702 2590 tradita
725 2559 838 2600 (epist.
867 2558 894 2595 l,
922 2558 1002 2595 1⁵2.)⁸
