1643 2959
602 162 927 205 ...225—.

71 272 146 310 Hic
170 272 278 309 locus
306 271 523 310 simillimus
549 275 610 310 est
635 274 702 310 fini
727 272 999 323 praecedentis
1025 272 1145 324 odae,
1183 284 1298 323 quam
1325 276 1413 323 post

72 334 241 381 Augusti
265 333 436 371 reditum
461 335 716 383 compositam
744 347 830 372 esse
858 346 976 384 supra
1000 335 1180 372 vidimus.
1217 336 1295 380 Qui
1319 347 1413 373 vero

73 395 253 433 carminis
281 407 381 432 saec.
407 407 464 433 vs.
492 397 541 433 53
568 407 623 445 sq.
652 399 692 434 et
717 397 824 445 ipsos
860 397 1076 434 simillimos
1111 398 1411 447 comparaverit:

269 458 358 495 Jam
384 459 481 495 mari
508 461 690 506 terraque
717 470 853 495 manus
879 461 1062 507 potentes

271 519 426 569 Medus,
454 519 704 569 Albanasque
731 521 843 558 timet
870 532 1051 558 secures:

270 582 358 618 Jam
385 582 550 628 Scythae
578 593 767 631 responsa
793 585 946 632 petunt,
974 582 1133 630 superbi

707 645 843 692 Nuper
870 646 910 680 et
934 644 1033 680 Indi.

269 705 358 742 Jam
384 705 502 742 Fides
529 708 569 741 et
594 706 676 742 Pax
703 708 742 742 et
768 707 903 742 Honor
928 705 1134 754 Pudorque

269 766 423 802 Priscus
451 770 491 802 et
516 767 694 812 neglecta
719 767 847 803 redire
874 767 1008 804 Virtus

269 826 420 863 Audet:
448 829 689 874 apparetque
717 827 832 863 beata
859 828 975 874 pleno

658 888 780 935 Copia
807 898 941 938 cornu,

69 950 102 987 is
128 949 241 987 facile
276 949 319 985 in
353 960 440 985 eam
475 948 710 985 sententiam
745 949 871 996 possit
907 949 1070 1000 adduci,
1099 953 1142 987 ut
1168 962 1322 988 carmen
1349 953 1409 990 15.

62 1011 143 1057 Jam
178 1023 211 1048 a.
248 1011 333 1047 737.
369 1012 496 1047 ortum
531 1021 617 1046 csse
661 1009 816 1059 credat,
853 1012 1083 1058 praesertim
1125 1023 1212 1049 cum
1248 1015 1411 1052 extremi

68 1085 223 1110 versus:

269 1134 501 1182 Trojamque
529 1136 568 1170 ct
594 1133 793 1170 Anchisen
820 1136 860 1169 et
886 1133 1009 1171 almae

334 1196 563 1242 Progeniem
589 1195 752 1232 Veneris
781 1207 977 1246 canemus,

69 1257 214 1293 nemini
261 1267 341 1293 non
388 1258 428 1294 in
479 1258 705 1294 memoriam
752 1260 938 1294 revocent
981 1257 1163 1294 carminis
1207 1270 1307 1296 saec.
1352 1272 1406 1297 vs.

69 1319 128 1356 49.
159 1321 198 1356 ct
225 1319 308 1356 50.:

268 1381 422 1429 Quique
448 1392 519 1418 vos
545 1381 672 1418 bubus
699 1382 909 1419 veneratur
935 1381 1034 1418 albis

269 1443 403 1480 Clarus
431 1443 625 1480 Anchisae
652 1444 892 1491 Venerisque
921 1444 1090 1490 sanguis.

67 1504 141 1542 Sed
160 1505 290 1541 obstat
316 1516 350 1541 v.
373 1505 431 1541 19.
472 1507 595 1554 „Non
614 1509 686 1555 qui
700 1504 953 1553 profundum
973 1507 1212 1543 Danubium
1227 1506 1407 1555 bibunffl,

66 1567 134 1603 ubi
161 1578 240 1604 non
267 1567 428 1603 dubium
456 1570 515 1602 est
534 1568 629 1615 quin
655 1568 841 1604 victoriae
869 1571 1071 1615 respectae
1099 1568 1189 1617 sint,
1219 1578 1313 1615 quas
1333 1568 1407 1604 Ro-

64 1629 170 1666 mani
196 1640 266 1677 per
292 1639 414 1665 annos
441 1628 525 1665 738.
555 1630 614 1665 39.
642 1630 702 1666 40.
732 1629 779 1666 de
799 1630 1031 1666 Germaniae
1060 1629 1214 1677 populis
1233 1632 1407 1677 reporta-

63 1693 210 1727 verant.
264 1691 346 1728 Nec
374 1689 559 1728 credibile
587 1693 646 1727 est
673 1691 891 1740 Horatium,
920 1691 952 1727 si
987 1691 1061 1728 hoc
1087 1703 1118 1727 c.
1149 1690 1231 1735 jam
1258 1701 1291 1726 a.
1321 1690 1407 1727 737.

65 1752 299 1801 scripsisset,
327 1752 434 1799 prius
462 1752 580 1798 igitur
598 1763 714 1800 quam
740 1753 891 1800 reliqua
918 1755 1069 1789 tantum
1095 1762 1172 1789 non
1199 1752 1341 1801 omnia,
1366 1752 1407 1788 id

64 1817 239 1851 extremo
265 1814 351 1850 loco
377 1814 595 1861 positurum
621 1815 753 1851 fuisse.
806 1816 894 1851 Jam
919 1825 1005 1850 cum
1032 1813 1080 1850 ab
1108 1825 1142 1850 a.
1171 1813 1255 1850 738.
1283 1823 1405 1861 usque

63 1875 114 1912 ad
140 1887 173 1913 a.
209 1875 294 1912 741.
321 1876 503 1912 continua
530 1876 726 1913 saevirent
759 1875 883 1924 bella,
918 1885 1045 1922 neque
1082 1875 1129 1912 de.
1164 1877 1275 1923 parta
1309 1886 1405 1923 pace

62 1937 210 1974 mentio
236 1937 318 1974 fieri
335 1940 470 1985 posset
496 1938 572 1973 nisi
599 1939 688 1985 post
706 1937 873 1983 Augusti
892 1937 1073 1986 reditum,
1101 1937 1224 1985 liquet
1250 1948 1406 1974 carmen

62 2010 142 2035 non
168 2001 258 2035 ante
286 2010 319 2036 a.
355 1999 439 2036 741.
476 1999 664 2047 scriptum
700 2011 798 2036 csse.
851 1998 1105 2036 Praecedenti
1132 1999 1252 2045 igitur
1277 2001 1405 2036 aetate

62 2071 209 2108 suppar
235 2064 304 2098 est.
346 2061 457 2098 Unde
475 2060 616 2097 accidit
643 2062 821 2110 fortasse,
849 2062 893 2096 ut
919 2063 1125 2108 utrumque
1145 2071 1301 2097 carmen
1326 2071 1406 2097 non

63 2122 187 2159 solum
213 2123 254 2158 in
282 2123 431 2170 aliquot
455 2122 564 2159 codd.
594 2123 663 2159 sed
691 2123 809 2159 etiam
827 2122 1042 2170 antiquitus
1071 2124 1111 2158 et
1136 2122 1293 2168 vulgata
1321 2122 1403 2170 qui-

62 2182 152 2220 dem
184 2195 334 2231 usuque
369 2186 528 2232 recepta
555 2185 705 2223 ratione
742 2180 980 2236 (Porphyr.:
1018 2182 1186 2226 Quidam
1222 2186 1404 2232 separant

61 2244 162 2282 hanc
187 2245 290 2282 oden
315 2256 339 2281 a
365 2245 588 2295 superiore3
616 2246 686 2283 sed
712 2248 844 2293 potest
869 2245 926 2282 illi
948 2244 1082 2295 jungi,
1118 2245 1301 2292 quoniam
1340 2245 1402 2282 hic

0 2295 1 2343 ζ
60 2305 195 2343 laudes
223 2306 404 2344 dicuntur
429 2305 629 2359 Augusti.)
656 2308 697 2344 in
723 2319 844 2344 unum
871 2307 1182 2354 conjungeretur.

160 2429 196 2468 3.
222 2430 299 2474 Sed
325 2431 422 2468 haec
448 2430 592 2479 omnia,
619 2439 719 2478 quae
747 2429 795 2466 de
822 2429 921 2467 odae
947 2432 1122 2479 tempore
1148 2429 1402 2478 probabiliter

61 2490 209 2528 dixisse
243 2493 340 2530 mihi
375 2492 533 2542 videor,
569 2491 745 2529 funditus
779 2491 945 2529 convelli
979 2494 1020 2529 et
1062 2492 1186 2529 everti
1221 2490 1400 2539 clamant,

60 2551 166 2601 quod
191 2564 227 2591 v.
253 2553 290 2591 9.
313 2556 418 2592 Jam·
449 2555 583 2593 clausi
616 2553 763 2592 mentio
797 2555 899 2592 facta
935 2553 996 2591 sit.
1055 2554 1205 2600 Nempe
1241 2562 1399 2600 prorsus

1085 2614 1130 2650 15
