<?xml version="1.0" encoding="UTF-8"?>
<!DOCTYPE html PUBLIC "-//W3C//DTD XHTML 1.0 Transitional//EN"
    "http://www.w3.org/TR/xhtml1/DTD/xhtml1-transitional.dtd">
<html xmlns="http://www.w3.org/1999/xhtml" xml:lang="en" lang="en">
 <head>
  <title>
</title>
<meta http-equiv="Content-Type" content="text/html;charset=utf-8" />
  <meta name='ocr-system' content='tesseract 3.04.00' />
  <meta name='ocr-capabilities' content='ocr_page ocr_carea ocr_par ocr_line ocrx_word'/>
</head>
<body>
  <div class='ocr_page' id='page_1' title='image "./fastihoratianiac00franuoft_0247.png"; bbox 0 0 1643 2959; ppageno 0'>
   <div class='ocr_carea' id='block_1_1' title="bbox 628 203 904 245">
    <p class='ocr_par' dir='ltr' id='par_1_1' title="bbox 628 203 904 245">
     <span class='ocr_line' id='line_1_1' title="bbox 628 203 904 245; baseline 0 -14"><span class='ocrx_word' id='word_1_1' title='bbox 628 203 904 245; x_wconf 66' lang='lat'>-237.-,</span> 
     </span>
    </p>
   </div>
   <div class='ocr_carea' id='block_1_2' title="bbox 111 312 1441 1528">
    <p class='ocr_par' dir='ltr' id='par_1_2' title="bbox 111 312 1438 1162">
     <span class='ocr_line' id='line_1_2' title="bbox 113 312 1426 369; baseline 0 -12"><span class='ocrx_word' id='word_1_2' title='bbox 113 316 223 357; x_wconf 87' lang='lat' dir='ltr'>cuius</span> <span class='ocrx_word' id='word_1_3' title='bbox 255 314 480 368; x_wconf 80' lang='lat' dir='ltr'>exemplum</span> <span class='ocrx_word' id='word_1_4' title='bbox 510 313 612 356; x_wconf 90' lang='lat' dir='ltr'>hunc</span> <span class='ocrx_word' id='word_1_5' title='bbox 643 328 755 354; x_wconf 88' lang='lat' dir='ltr'>suum</span> <span class='ocrx_word' id='word_1_6' title='bbox 786 319 1055 368; x_wconf 81' lang='lat' dir='ltr'>componeret.</span> <span class='ocrx_word' id='word_1_7' title='bbox 1087 312 1222 365; x_wconf 87' lang='lat' dir='ltr'>illum,</span> <span class='ocrx_word' id='word_1_8' title='bbox 1252 314 1426 369; x_wconf 86' lang='lat' dir='ltr'>inquam,</span> 
     </span>
     <span class='ocr_line' id='line_1_3' title="bbox 111 385 1429 442; baseline 0 -14"><span class='ocrx_word' id='word_1_9' title='bbox 111 389 152 429; x_wconf 91' lang='lat' dir='ltr'>in</span> <span class='ocrx_word' id='word_1_10' title='bbox 182 402 258 442; x_wconf 86' lang='lat' dir='ltr'>quo</span> <span class='ocrx_word' id='word_1_11' title='bbox 289 385 518 429; x_wconf 88' lang='lat' dir='ltr'>Charonem</span> <span class='ocrx_word' id='word_1_12' title='bbox 549 387 702 428; x_wconf 76' lang='lat' dir='ltr'>fabrum</span> <span class='ocrx_word' id='word_1_13' title='bbox 732 386 958 441; x_wconf 90' lang='lat' dir='ltr'>loquentem</span> <span class='ocrx_word' id='word_1_14' title='bbox 988 385 1168 437; x_wconf 84' lang='lat' dir='ltr'>induxit,</span> <span class='ocrx_word' id='word_1_15' title='bbox 1216 386 1326 428; x_wconf 91' lang='lat' dir='ltr'>cuius</span> <span class='ocrx_word' id='word_1_16' title='bbox 1355 388 1429 428; x_wconf 90' lang='lat' dir='ltr'>ini—</span> 
     </span>
     <span class='ocr_line' id='line_1_4' title="bbox 112 457 1433 511; baseline -0.003 -10"><span class='ocrx_word' id='word_1_17' title='bbox 112 461 208 502; x_wconf 89' lang='lat' dir='ltr'>tium</span> <span class='ocrx_word' id='word_1_18' title='bbox 238 460 311 501; x_wconf 82' lang='lat' dir='ltr'>fuit</span> <span class='ocrx_word' id='word_1_19' title='bbox 341 461 387 502; x_wconf 80' lang='grc' dir='ltr'>οὕ</span> <span class='ocrx_word' id='word_1_20' title='bbox 411 476 482 511; x_wconf 73' lang='grc' dir='ltr'>μοι</span> <span class='ocrx_word' id='word_1_21' title='bbox 508 460 556 500; x_wconf 79' lang='grc' dir='ltr'>τὰ</span> <span class='ocrx_word' id='word_1_22' title='bbox 583 460 622 499; x_wconf 88' lang='grc' dir='ltr'><strong><em>Γ</em></strong></span> <span class='ocrx_word' id='word_1_23' title='bbox 617 462 719 511; x_wconf 75' lang='grc' dir='ltr'>ύγεω</span> <span class='ocrx_word' id='word_1_24' title='bbox 745 462 815 499; x_wconf 83' lang='grc' dir='ltr'>τοῦ</span> <span class='ocrx_word' id='word_1_25' title='bbox 829 461 1078 511; x_wconf 79' lang='grc' dir='ltr'><em>πολυχρύσου</em></span> <span class='ocrx_word' id='word_1_26' title='bbox 1094 460 1215 510; x_wconf 78' lang='grc' dir='ltr'><em>μέλει,</em></span> <span class='ocrx_word' id='word_1_27' title='bbox 1242 457 1325 498; x_wconf 80' lang='grc' dir='ltr'>οὐδ’</span> <span class='ocrx_word' id='word_1_28' title='bbox 1357 458 1433 498; x_wconf 77' lang='grc' dir='ltr'><em>εἷλέ</em></span> 
     </span>
     <span class='ocr_line' id='line_1_5' title="bbox 111 529 1432 585; baseline -0.004 -11"><span class='ocrx_word' id='word_1_29' title='bbox 111 535 180 574; x_wconf 80' lang='grc' dir='ltr'>πιύ</span> <span class='ocrx_word' id='word_1_30' title='bbox 195 549 247 585; x_wconf 84' lang='grc' dir='ltr'>με</span> <span class='ocrx_word' id='word_1_31' title='bbox 262 534 385 584; x_wconf 86' lang='grc' dir='ltr'><strong><em>ζῆλος.</em></strong></span> <span class='ocrx_word' id='word_1_32' title='bbox 409 531 480 572; x_wconf 90' lang='lat' dir='ltr'>sed</span> <span class='ocrx_word' id='word_1_33' title='bbox 509 529 640 582; x_wconf 90' lang='lat' dir='ltr'>nobis,</span> <span class='ocrx_word' id='word_1_34' title='bbox 672 544 787 584; x_wconf 87' lang='lat' dir='ltr'>quam</span> <span class='ocrx_word' id='word_1_35' title='bbox 816 529 921 570; x_wconf 86' lang='lat' dir='ltr'>bella</span> <span class='ocrx_word' id='word_1_36' title='bbox 951 543 1118 583; x_wconf 87' lang='lat' dir='ltr'>quamve</span> <span class='ocrx_word' id='word_1_37' title='bbox 1147 529 1285 570; x_wconf 87' lang='lat' dir='ltr'>iocosa</span> <span class='ocrx_word' id='word_1_38' title='bbox 1313 529 1432 570; x_wconf 84' lang='lat' dir='ltr'>fuerit</span> 
     </span>
     <span class='ocr_line' id='line_1_6' title="bbox 111 602 1432 659; baseline -0.002 -15"><span class='ocrx_word' id='word_1_39' title='bbox 111 604 294 656; x_wconf 81' lang='lat' dir='ltr'>imitatio,</span> <span class='ocrx_word' id='word_1_40' title='bbox 327 604 399 646; x_wconf 79' lang='lat' dir='ltr'>vix</span> <span class='ocrx_word' id='word_1_41' title='bbox 428 604 621 659; x_wconf 86' lang='lat' dir='ltr'>suspicari</span> <span class='ocrx_word' id='word_1_42' title='bbox 651 603 760 655; x_wconf 86' lang='lat' dir='ltr'>licet,</span> <span class='ocrx_word' id='word_1_43' title='bbox 794 617 879 645; x_wconf 91' lang='lat' dir='ltr'>cum</span> <span class='ocrx_word' id='word_1_44' title='bbox 910 616 961 644; x_wconf 92' lang='lat' dir='ltr'>ne</span> <span class='ocrx_word' id='word_1_45' title='bbox 992 603 1144 643; x_wconf 85' lang='lat' dir='ltr'>exitum</span> <span class='ocrx_word' id='word_1_46' title='bbox 1173 602 1329 656; x_wconf 86' lang='lat' dir='ltr'>quidem</span> <span class='ocrx_word' id='word_1_47' title='bbox 1352 604 1432 643; x_wconf 89' lang='lat' dir='ltr'>Ar-</span> 
     </span>
     <span class='ocr_line' id='line_1_7' title="bbox 111 675 1430 730; baseline -0.002 -12"><span class='ocrx_word' id='word_1_48' title='bbox 111 677 294 719; x_wconf 88' lang='lat' dir='ltr'>chilochii</span> <span class='ocrx_word' id='word_1_49' title='bbox 324 677 527 728; x_wconf 81' lang='lat' dir='ltr'>carminis,</span> <span class='ocrx_word' id='word_1_50' title='bbox 560 677 671 718; x_wconf 90' lang='lat' dir='ltr'>cuius</span> <span class='ocrx_word' id='word_1_51' title='bbox 701 676 807 717; x_wconf 91' lang='lat' dir='ltr'>modi</span> <span class='ocrx_word' id='word_1_52' title='bbox 836 676 972 727; x_wconf 86' lang='lat' dir='ltr'>fuerit,</span> <span class='ocrx_word' id='word_1_53' title='bbox 1007 675 1186 716; x_wconf 87' lang='lat' dir='ltr'>divinare</span> <span class='ocrx_word' id='word_1_54' title='bbox 1218 675 1430 730; x_wconf 84' lang='lat' dir='ltr'>possimus.</span> 
     </span>
     <span class='ocr_line' id='line_1_8' title="bbox 111 746 1433 803; baseline -0.002 -13"><span class='ocrx_word' id='word_1_55' title='bbox 111 749 151 790; x_wconf 91' lang='lat' dir='ltr'>in</span> <span class='ocrx_word' id='word_1_56' title='bbox 181 750 272 802; x_wconf 92' lang='lat' dir='ltr'>hoc,</span> <span class='ocrx_word' id='word_1_57' title='bbox 305 750 339 791; x_wconf 92' lang='lat' dir='ltr'>si</span> <span class='ocrx_word' id='word_1_58' title='bbox 368 749 632 791; x_wconf 83' lang='lat' dir='ltr'>Aristotelem</span> <span class='ocrx_word' id='word_1_59' title='bbox 661 756 772 790; x_wconf 86' lang='lat' dir='ltr'>recte</span> <span class='ocrx_word' id='word_1_60' title='bbox 801 749 991 803; x_wconf 84' lang='lat' dir='ltr'>intellego</span> <span class='ocrx_word' id='word_1_61' title='bbox 1025 748 1197 802; x_wconf 83' lang='lat' dir='ltr'>[rhetor.</span> <span class='ocrx_word' id='word_1_62' title='bbox 1230 746 1310 799; x_wconf 88' lang='lat' dir='ltr'>III,</span> <span class='ocrx_word' id='word_1_63' title='bbox 1342 746 1433 802; x_wconf 83' lang='grc'>17],</span> 
     </span>
     <span class='ocr_line' id='line_1_9' title="bbox 112 819 1437 878; baseline -0.002 -16"><span class='ocrx_word' id='word_1_64' title='bbox 112 823 186 862; x_wconf 86' lang='lat' dir='ltr'>fuit</span> <span class='ocrx_word' id='word_1_65' title='bbox 216 826 343 878; x_wconf 81' lang='grc' dir='ltr'><em>ψόγος</em></span> <span class='ocrx_word' id='word_1_66' title='bbox 370 824 462 862; x_wconf 78' lang='grc' dir='ltr'><em>ἄνευ</em></span> <span class='ocrx_word' id='word_1_67' title='bbox 492 824 716 877; x_wconf 76' lang='grc' dir='ltr'><em>ἀγροικίαςε</em></span> <span class='ocrx_word' id='word_1_68' title='bbox 743 821 938 862; x_wconf 85' lang='lat' dir='ltr'>Horatius</span> <span class='ocrx_word' id='word_1_69' title='bbox 970 821 1209 862; x_wconf 72' lang='lat' dir='ltr'>suavitatem</span> <span class='ocrx_word' id='word_1_70' title='bbox 1240 819 1437 862; x_wconf 63' lang='lat' dir='ltr'>‘&#39;uaesivit</span> 
     </span>
     <span class='ocr_line' id='line_1_10' title="bbox 113 892 1435 944; baseline -0.002 -9"><span class='ocrx_word' id='word_1_71' title='bbox 113 901 153 935; x_wconf 88' lang='lat' dir='ltr'>et</span> <span class='ocrx_word' id='word_1_72' title='bbox 180 894 415 943; x_wconf 82' lang='lat' dir='ltr'>ridiculum3</span> <span class='ocrx_word' id='word_1_73' title='bbox 459 892 533 932; x_wconf 94' lang='lat' dir='ltr'>hoc</span> <span class='ocrx_word' id='word_1_74' title='bbox 574 892 732 944; x_wconf 82' lang='lat' dir='ltr'>quidem</span> <span class='ocrx_word' id='word_1_75' title='bbox 771 907 950 944; x_wconf 88' lang='lat' dir='ltr'>summe,</span> <span class='ocrx_word' id='word_1_76' title='bbox 993 908 1080 934; x_wconf 89' lang='lat' dir='ltr'>cum</span> <span class='ocrx_word' id='word_1_77' title='bbox 1110 894 1331 934; x_wconf 61' lang='lat' dir='ltr'>feneratori</span> <span class='ocrx_word' id='word_1_78' title='bbox 1369 892 1435 933; x_wconf 83' lang='lat' dir='ltr'>ad-</span> 
     </span>
     <span class='ocr_line' id='line_1_11' title="bbox 111 963 1438 1018; baseline -0.002 -11"><span class='ocrx_word' id='word_1_79' title='bbox 111 965 251 1008; x_wconf 87' lang='lat' dir='ltr'>scribit</span> <span class='ocrx_word' id='word_1_80' title='bbox 280 965 404 1014; x_wconf 82' lang='lat' dir='ltr'>haec,</span> <span class='ocrx_word' id='word_1_81' title='bbox 440 963 543 1016; x_wconf 71' lang='lat' dir='ltr'>‘quis</span> <span class='ocrx_word' id='word_1_82' title='bbox 574 976 655 1002; x_wconf 89' lang='lat' dir='ltr'>nou</span> <span class='ocrx_word' id='word_1_83' title='bbox 685 964 903 1014; x_wconf 83' lang='lat' dir='ltr'>malarum,</span> <span class='ocrx_word' id='word_1_84' title='bbox 947 979 1045 1018; x_wconf 88' lang='lat' dir='ltr'>quas</span> <span class='ocrx_word' id='word_1_85' title='bbox 1077 979 1191 1005; x_wconf 88' lang='lat' dir='ltr'>amor</span> <span class='ocrx_word' id='word_1_86' title='bbox 1221 978 1338 1005; x_wconf 84' lang='lat' dir='ltr'>curas</span> <span class='ocrx_word' id='word_1_87' title='bbox 1369 964 1438 1004; x_wconf 86' lang='lat' dir='ltr'>ha-</span> 
     </span>
     <span class='ocr_line' id='line_1_12' title="bbox 111 1033 1436 1091; baseline -0.002 -12"><span class='ocrx_word' id='word_1_88' title='bbox 111 1038 194 1089; x_wconf 84' lang='lat' dir='ltr'>bet,</span> <span class='ocrx_word' id='word_1_89' title='bbox 227 1037 326 1077; x_wconf 88' lang='lat' dir='ltr'>haec</span> <span class='ocrx_word' id='word_1_90' title='bbox 356 1035 462 1076; x_wconf 88' lang='lat' dir='ltr'>inter</span> <span class='ocrx_word' id='word_1_91' title='bbox 492 1033 780 1075; x_wconf 60' lang='lat' dir='ltr'>obliviscitur?</span> <span class='ocrx_word' id='word_1_92' title='bbox 813 1036 884 1076; x_wconf 89' lang='lat' dir='ltr'>sed</span> <span class='ocrx_word' id='word_1_93' title='bbox 914 1036 986 1077; x_wconf 92' lang='lat' dir='ltr'>sub</span> <span class='ocrx_word' id='word_1_94' title='bbox 1004 1036 1090 1077; x_wconf 90' lang='lat' dir='ltr'>risu</span> <span class='ocrx_word' id='word_1_95' title='bbox 1120 1036 1287 1091; x_wconf 89' lang='lat' dir='ltr'>iocoque</span> <span class='ocrx_word' id='word_1_96' title='bbox 1310 1036 1436 1077; x_wconf 79' lang='lat' dir='ltr'>latei-e</span> 
     </span>
     <span class='ocr_line' id='line_1_13' title="bbox 112 1107 826 1162; baseline -0.003 -11"><span class='ocrx_word' id='word_1_97' title='bbox 112 1109 229 1151; x_wconf 83' lang='lat' dir='ltr'>amici</span> <span class='ocrx_word' id='word_1_98' title='bbox 258 1108 487 1149; x_wconf 86' lang='lat' dir='ltr'>irrisionem</span> <span class='ocrx_word' id='word_1_99' title='bbox 517 1121 588 1148; x_wconf 90' lang='lat' dir='ltr'>cur</span> <span class='ocrx_word' id='word_1_100' title='bbox 618 1107 826 1162; x_wconf 83' lang='lat' dir='ltr'>suspicer?</span> 
     </span>
    </p>

    <p class='ocr_par' dir='ltr' id='par_1_3' title="bbox 116 1180 1441 1528">
     <span class='ocr_line' id='line_1_14' title="bbox 224 1180 1434 1237; baseline -0.002 -14"><span class='ocrx_word' id='word_1_101' title='bbox 224 1180 298 1232; x_wconf 85' lang='lat' dir='ltr'>At,</span> <span class='ocrx_word' id='word_1_102' title='bbox 332 1180 457 1231; x_wconf 85' lang='lat' dir='ltr'>dices,</span> <span class='ocrx_word' id='word_1_103' title='bbox 488 1180 544 1221; x_wconf 86' lang='lat' dir='ltr'>ita</span> <span class='ocrx_word' id='word_1_104' title='bbox 574 1180 678 1236; x_wconf 88' lang='lat' dir='ltr'>perit</span> <span class='ocrx_word' id='word_1_105' title='bbox 707 1181 803 1222; x_wconf 89' lang='lat' dir='ltr'>mihi</span> <span class='ocrx_word' id='word_1_106' title='bbox 832 1189 927 1222; x_wconf 86' lang='lat' dir='ltr'>nota</span> <span class='ocrx_word' id='word_1_107' title='bbox 957 1181 1163 1237; x_wconf 90' lang='lat' dir='ltr'>temporis.</span> <span class='ocrx_word' id='word_1_108' title='bbox 1188 1181 1293 1237; x_wconf 89' lang='lat' dir='ltr'>perit</span> <span class='ocrx_word' id='word_1_109' title='bbox 1313 1194 1434 1222; x_wconf 89' lang='lat' dir='ltr'>sane:</span> 
     </span>
     <span class='ocr_line' id='line_1_15' title="bbox 116 1253 1437 1308; baseline -0.002 -11"><span class='ocrx_word' id='word_1_110' title='bbox 116 1255 189 1297; x_wconf 87' lang='lat' dir='ltr'>sed</span> <span class='ocrx_word' id='word_1_111' title='bbox 221 1255 362 1295; x_wconf 90' lang='lat' dir='ltr'>eodem</span> <span class='ocrx_word' id='word_1_112' title='bbox 392 1253 479 1294; x_wconf 90' lang='lat' dir='ltr'>iure</span> <span class='ocrx_word' id='word_1_113' title='bbox 510 1261 602 1294; x_wconf 90' lang='lat' dir='ltr'>utor</span> <span class='ocrx_word' id='word_1_114' title='bbox 632 1268 707 1308; x_wconf 90' lang='lat' dir='ltr'>quo</span> <span class='ocrx_word' id='word_1_115' title='bbox 754 1261 796 1295; x_wconf 92' lang='lat' dir='ltr'>tu</span> <span class='ocrx_word' id='word_1_116' title='bbox 839 1255 983 1296; x_wconf 85' lang='lat' dir='ltr'>multas</span> <span class='ocrx_word' id='word_1_117' title='bbox 1025 1254 1111 1296; x_wconf 85' lang='lat' dir='ltr'>eius</span> <span class='ocrx_word' id='word_1_118' title='bbox 1156 1254 1262 1295; x_wconf 93' lang='lat' dir='ltr'>modi</span> <span class='ocrx_word' id='word_1_119' title='bbox 1304 1260 1437 1304; x_wconf 78' lang='lat' dir='ltr'>notas,</span> 
     </span>
     <span class='ocr_line' id='line_1_16' title="bbox 116 1326 1439 1382; baseline -0.002 -13"><span class='ocrx_word' id='word_1_120' title='bbox 116 1341 217 1382; x_wconf 87' lang='lat' dir='ltr'>quae</span> <span class='ocrx_word' id='word_1_121' title='bbox 249 1326 339 1368; x_wconf 86' lang='lat' dir='ltr'>aliis</span> <span class='ocrx_word' id='word_1_122' title='bbox 372 1326 622 1368; x_wconf 82' lang='lat' dir='ltr'>clarissimae</span> <span class='ocrx_word' id='word_1_123' title='bbox 654 1327 919 1379; x_wconf 83' lang='lat' dir='ltr'>videbantur,</span> <span class='ocrx_word' id='word_1_124' title='bbox 965 1327 1130 1368; x_wconf 85' lang='lat' dir='ltr'>fallaces</span> <span class='ocrx_word' id='word_1_125' title='bbox 1161 1327 1280 1368; x_wconf 91' lang='lat' dir='ltr'>immo</span> <span class='ocrx_word' id='word_1_126' title='bbox 1311 1326 1439 1367; x_wconf 88' lang='lat' dir='ltr'>nullas</span> 
     </span>
     <span class='ocr_line' id='line_1_17' title="bbox 118 1399 1441 1454; baseline -0.003 -12"><span class='ocrx_word' id='word_1_127' title='bbox 118 1414 209 1442; x_wconf 89' lang='lat' dir='ltr'>esse</span> <span class='ocrx_word' id='word_1_128' title='bbox 241 1399 424 1441; x_wconf 85' lang='lat' dir='ltr'>docuisti.</span> <span class='ocrx_word' id='word_1_129' title='bbox 450 1414 495 1440; x_wconf 84' lang='lat' dir='ltr'>ac</span> <span class='ocrx_word' id='word_1_130' title='bbox 517 1413 666 1440; x_wconf 76' lang='lat' dir='ltr'>vereor</span> <span class='ocrx_word' id='word_1_131' title='bbox 694 1413 744 1440; x_wconf 91' lang='lat' dir='ltr'>ne</span> <span class='ocrx_word' id='word_1_132' title='bbox 777 1400 842 1454; x_wconf 76' lang='lat' dir='ltr'>qui</span> <span class='ocrx_word' id='word_1_133' title='bbox 872 1400 1056 1442; x_wconf 86' lang='lat' dir='ltr'>severius</span> <span class='ocrx_word' id='word_1_134' title='bbox 1086 1400 1233 1441; x_wconf 88' lang='lat' dir='ltr'>iudicet</span> <span class='ocrx_word' id='word_1_135' title='bbox 1255 1399 1326 1440; x_wconf 89' lang='lat' dir='ltr'>tibi</span> <span class='ocrx_word' id='word_1_136' title='bbox 1346 1412 1441 1453; x_wconf 92' lang='lat' dir='ltr'>quo-</span> 
     </span>
     <span class='ocr_line' id='line_1_18' title="bbox 118 1472 1286 1528; baseline -0.002 -13"><span class='ocrx_word' id='word_1_137' title='bbox 118 1488 193 1528; x_wconf 90' lang='lat' dir='ltr'>que</span> <span class='ocrx_word' id='word_1_138' title='bbox 223 1488 304 1514; x_wconf 87' lang='lat' dir='ltr'>non</span> <span class='ocrx_word' id='word_1_139' title='bbox 335 1472 444 1513; x_wconf 83' lang='lat' dir='ltr'>nulla</span> <span class='ocrx_word' id='word_1_140' title='bbox 473 1472 651 1528; x_wconf 90' lang='lat' dir='ltr'>cupidius</span> <span class='ocrx_word' id='word_1_141' title='bbox 683 1479 839 1528; x_wconf 84' lang='lat' dir='ltr'>sumpta</span> <span class='ocrx_word' id='word_1_142' title='bbox 870 1480 1114 1527; x_wconf 67' lang='lat' dir='ltr'>extorquere</span> <span class='ocrx_word' id='word_1_143' title='bbox 1145 1473 1286 1528; x_wconf 88' lang='lat' dir='ltr'>possit.</span> 
     </span>
    </p>
   </div>
   <div class='ocr_carea' id='block_1_3' title="bbox 106 1559 1446 2636">
    <p class='ocr_par' dir='ltr' id='par_1_4' title="bbox 106 1559 1446 2636">
     <span class='ocr_line' id='line_1_19' title="bbox 227 1559 1440 1618; baseline -0.002 -13"><span class='ocrx_word' id='word_1_144' title='bbox 227 1561 294 1605; x_wconf 86' lang='lat' dir='ltr'>Ita</span> <span class='ocrx_word' id='word_1_145' title='bbox 323 1562 540 1604; x_wconf 82' lang='lat' dir='ltr'>carminum</span> <span class='ocrx_word' id='word_1_146' title='bbox 571 1562 673 1603; x_wconf 89' lang='lat' dir='ltr'>libro</span> <span class='ocrx_word' id='word_1_147' title='bbox 703 1563 830 1618; x_wconf 91' lang='lat' dir='ltr'>primo</span> <span class='ocrx_word' id='word_1_148' title='bbox 860 1562 928 1603; x_wconf 87' lang='lat' dir='ltr'>illa</span> <span class='ocrx_word' id='word_1_149' title='bbox 957 1563 1090 1614; x_wconf 85' lang='lat' dir='ltr'>navis,</span> <span class='ocrx_word' id='word_1_150' title='bbox 1113 1562 1240 1604; x_wconf 89' lang='lat' dir='ltr'>cuitu</span> <span class='ocrx_word' id='word_1_151' title='bbox 1264 1561 1321 1617; x_wconf 91' lang='lat' dir='ltr'>[p.</span> <span class='ocrx_word' id='word_1_152' title='bbox 1341 1559 1440 1614; x_wconf 82' lang='lat'>153]</span> 
     </span>
     <span class='ocr_line' id='line_1_20' title="bbox 117 1635 1441 1690; baseline -0.002 -13"><span class='ocrx_word' id='word_1_153' title='bbox 117 1639 348 1690; x_wconf 80' lang='grc' dir='ltr'><em>κυβερνήτην</em></span> <span class='ocrx_word' id='word_1_154' title='bbox 374 1635 513 1689; x_wconf 88' lang='lat' dir='ltr'>quaeri</span> <span class='ocrx_word' id='word_1_155' title='bbox 543 1642 673 1690; x_wconf 83' lang='lat' dir='ltr'>putas,</span> <span class='ocrx_word' id='word_1_156' title='bbox 706 1649 821 1689; x_wconf 89' lang='lat' dir='ltr'>quem</span> <span class='ocrx_word' id='word_1_157' title='bbox 851 1643 969 1690; x_wconf 84' lang='lat' dir='ltr'>poeta</span> <span class='ocrx_word' id='word_1_158' title='bbox 989 1650 1070 1676; x_wconf 89' lang='lat' dir='ltr'>non</span> <span class='ocrx_word' id='word_1_159' title='bbox 1091 1635 1185 1676; x_wconf 88' lang='lat' dir='ltr'>dicit</span> <span class='ocrx_word' id='word_1_160' title='bbox 1214 1635 1253 1676; x_wconf 89' lang='lat' dir='ltr'>ei</span> <span class='ocrx_word' id='word_1_161' title='bbox 1282 1635 1441 1684; x_wconf 87' lang='lat' dir='ltr'>deesse,</span> 
     </span>
     <span class='ocr_line' id='line_1_21' title="bbox 120 1707 1443 1763; baseline 0 -16"><span class='ocrx_word' id='word_1_162' title='bbox 120 1721 168 1748; x_wconf 86' lang='lat' dir='ltr'>ea</span> <span class='ocrx_word' id='word_1_163' title='bbox 197 1707 291 1747; x_wconf 88' lang='lat' dir='ltr'>mihi</span> <span class='ocrx_word' id='word_1_164' title='bbox 322 1722 402 1748; x_wconf 93' lang='lat' dir='ltr'>non</span> <span class='ocrx_word' id='word_1_165' title='bbox 431 1707 615 1749; x_wconf 88' lang='lat' dir='ltr'>Romana</span> <span class='ocrx_word' id='word_1_166' title='bbox 644 1708 831 1761; x_wconf 85' lang='lat' dir='ltr'>videtur,</span> <span class='ocrx_word' id='word_1_167' title='bbox 863 1709 934 1749; x_wconf 88' lang='lat' dir='ltr'>sed</span> <span class='ocrx_word' id='word_1_168' title='bbox 963 1708 1106 1750; x_wconf 84' lang='lat' dir='ltr'>Alcaei</span> <span class='ocrx_word' id='word_1_169' title='bbox 1136 1715 1295 1763; x_wconf 87' lang='lat' dir='ltr'>poetae,</span> <span class='ocrx_word' id='word_1_170' title='bbox 1328 1720 1443 1761; x_wconf 90' lang='lat' dir='ltr'>quem</span> 
     </span>
     <span class='ocr_line' id='line_1_22' title="bbox 120 1779 1443 1836; baseline 0 -17"><span class='ocrx_word' id='word_1_171' title='bbox 120 1786 278 1820; x_wconf 86' lang='lat' dir='ltr'>constat</span> <span class='ocrx_word' id='word_1_172' title='bbox 307 1780 504 1821; x_wconf 89' lang='lat' dir='ltr'>cecinisse</span> <span class='ocrx_word' id='word_1_173' title='bbox 551 1782 669 1824; x_wconf 79' lang='lat' dir='ltr'>‘dura</span> <span class='ocrx_word' id='word_1_174' title='bbox 699 1782 816 1836; x_wconf 85' lang='lat' dir='ltr'>fugae</span> <span class='ocrx_word' id='word_1_175' title='bbox 846 1782 977 1832; x_wconf 84' lang='lat' dir='ltr'>mala,</span> <span class='ocrx_word' id='word_1_176' title='bbox 1019 1782 1119 1822; x_wconf 85' lang='lat' dir='ltr'>dura</span> <span class='ocrx_word' id='word_1_177' title='bbox 1157 1779 1285 1822; x_wconf 86' lang='lat' dir='ltr'>navis&#39;</span> <span class='ocrx_word' id='word_1_178' title='bbox 1303 1811 1312 1820; x_wconf 90' lang='lat'>.</span> <span class='ocrx_word' id='word_1_179' title='bbox 1345 1779 1443 1820; x_wconf 85' lang='lat' dir='ltr'>haec</span> 
     </span>
     <span class='ocr_line' id='line_1_23' title="bbox 120 1851 1443 1908; baseline -0.002 -14"><span class='ocrx_word' id='word_1_180' title='bbox 120 1853 242 1907; x_wconf 84' lang='lat' dir='ltr'>igitur</span> <span class='ocrx_word' id='word_1_181' title='bbox 291 1851 478 1893; x_wconf 78' lang='lat' dir='ltr'>‘Pontica</span> <span class='ocrx_word' id='word_1_182' title='bbox 507 1853 653 1908; x_wconf 86' lang='lat' dir='ltr'>pinus&#39;,</span> <span class='ocrx_word' id='word_1_183' title='bbox 705 1853 862 1894; x_wconf 91' lang='lat' dir='ltr'>scilicet</span> <span class='ocrx_word' id='word_1_184' title='bbox 901 1853 984 1895; x_wconf 87' lang='lat' dir='ltr'>‘ubi</span> <span class='ocrx_word' id='word_1_185' title='bbox 1029 1853 1106 1894; x_wconf 91' lang='lat' dir='ltr'>iste</span> <span class='ocrx_word' id='word_1_186' title='bbox 1136 1860 1228 1908; x_wconf 91' lang='lat' dir='ltr'>post</span> <span class='ocrx_word' id='word_1_187' title='bbox 1256 1852 1443 1908; x_wconf 90' lang='lat' dir='ltr'>phaselus</span> 
     </span>
     <span class='ocr_line' id='line_1_24' title="bbox 121 1924 1446 1981; baseline -0.001 -15"><span class='ocrx_word' id='word_1_188' title='bbox 121 1932 240 1966; x_wconf 85' lang='lat' dir='ltr'>antea</span> <span class='ocrx_word' id='word_1_189' title='bbox 270 1925 345 1966; x_wconf 91' lang='lat' dir='ltr'>fuit</span> <span class='ocrx_word' id='word_1_190' title='bbox 379 1933 535 1966; x_wconf 83' lang='lat' dir='ltr'>comata</span> <span class='ocrx_word' id='word_1_191' title='bbox 579 1924 711 1977; x_wconf 84' lang='lat' dir='ltr'>silva&#39;,</span> <span class='ocrx_word' id='word_1_192' title='bbox 757 1926 911 1967; x_wconf 89' lang='lat' dir='ltr'>Alcaeo</span> <span class='ocrx_word' id='word_1_193' title='bbox 957 1925 1113 1981; x_wconf 73' lang='lat' dir='ltr'>‘nuper&#39;</span> <span class='ocrx_word' id='word_1_194' title='bbox 1157 1926 1199 1967; x_wconf 89' lang='lat' dir='ltr'>in</span> <span class='ocrx_word' id='word_1_195' title='bbox 1242 1926 1335 1980; x_wconf 86' lang='lat' dir='ltr'>fuga</span> <span class='ocrx_word' id='word_1_196' title='bbox 1378 1925 1446 1965; x_wconf 89' lang='lat' dir='ltr'>de-</span> 
     </span>
     <span class='ocr_line' id='line_1_25' title="bbox 121 1997 1446 2054; baseline -0.002 -14"><span class='ocrx_word' id='word_1_197' title='bbox 121 1997 301 2053; x_wconf 81' lang='lat' dir='ltr'>speranti</span> <span class='ocrx_word' id='word_1_198' title='bbox 351 1998 579 2039; x_wconf 86' lang='lat' dir='ltr'>‘sollicitum</span> <span class='ocrx_word' id='word_1_199' title='bbox 628 1998 816 2040; x_wconf 80' lang='lat' dir='ltr'>taedium’</span> <span class='ocrx_word' id='word_1_200' title='bbox 865 1999 990 2040; x_wconf 90' lang='lat' dir='ltr'>fuisse</span> <span class='ocrx_word' id='word_1_201' title='bbox 1039 1998 1192 2054; x_wconf 88' lang='lat' dir='ltr'>potuit,</span> <span class='ocrx_word' id='word_1_202' title='bbox 1248 2005 1330 2039; x_wconf 89' lang='lat' dir='ltr'>tum</span> <span class='ocrx_word' id='word_1_203' title='bbox 1379 2011 1446 2052; x_wconf 89' lang='lat' dir='ltr'>pa-</span> 
     </span>
     <span class='ocr_line' id='line_1_26' title="bbox 106 2069 1442 2127; baseline -0.001 -16"><span class='ocrx_word' id='word_1_204' title='bbox 106 2070 239 2123; x_wconf 79' lang='lat' dir='ltr'>triam</span> <span class='ocrx_word' id='word_1_205' title='bbox 268 2078 456 2126; x_wconf 89' lang='lat' dir='ltr'>repetere</span> <span class='ocrx_word' id='word_1_206' title='bbox 486 2071 678 2127; x_wconf 84' lang='lat' dir='ltr'>gestienti</span> <span class='ocrx_word' id='word_1_207' title='bbox 709 2071 970 2113; x_wconf 90' lang='lat' dir='ltr'>‘desiderium</span> <span class='ocrx_word' id='word_1_208' title='bbox 991 2086 1165 2126; x_wconf 87' lang='lat' dir='ltr'>curaque</span> <span class='ocrx_word' id='word_1_209' title='bbox 1201 2085 1281 2113; x_wconf 91' lang='lat' dir='ltr'>non</span> <span class='ocrx_word' id='word_1_210' title='bbox 1311 2069 1442 2111; x_wconf 89' lang='lat' dir='ltr'>levis&#39;.</span> 
     </span>
     <span class='ocr_line' id='line_1_27' title="bbox 122 2141 1445 2200; baseline -0.002 -16"><span class='ocrx_word' id='word_1_211' title='bbox 122 2143 178 2185; x_wconf 85' lang='lat' dir='ltr'>ita</span> <span class='ocrx_word' id='word_1_212' title='bbox 208 2151 319 2185; x_wconf 88' lang='lat' dir='ltr'>certe</span> <span class='ocrx_word' id='word_1_213' title='bbox 349 2144 449 2186; x_wconf 84' lang='lat' dir='ltr'>haec</span> <span class='ocrx_word' id='word_1_214' title='bbox 478 2144 739 2200; x_wconf 84' lang='lat' dir='ltr'>interpretari</span> <span class='ocrx_word' id='word_1_215' title='bbox 769 2144 920 2196; x_wconf 87' lang='lat' dir='ltr'>licebit,</span> <span class='ocrx_word' id='word_1_216' title='bbox 953 2158 1054 2199; x_wconf 88' lang='lat' dir='ltr'>quae</span> <span class='ocrx_word' id='word_1_217' title='bbox 1083 2144 1259 2199; x_wconf 92' lang='lat' dir='ltr'>alioquin</span> <span class='ocrx_word' id='word_1_218' title='bbox 1287 2143 1361 2185; x_wconf 83' lang='lat' dir='ltr'>vix</span> <span class='ocrx_word' id='word_1_219' title='bbox 1388 2141 1445 2181; x_wconf 77' lang='lat' dir='ltr'>ul-</span> 
     </span>
     <span class='ocr_line' id='line_1_28' title="bbox 124 2211 1446 2273; baseline -0.002 -19"><span class='ocrx_word' id='word_1_220' title='bbox 124 2214 204 2255; x_wconf 91' lang='lat' dir='ltr'>lum</span> <span class='ocrx_word' id='word_1_221' title='bbox 232 2215 479 2258; x_wconf 87' lang='lat' dir='ltr'>intellectum</span> <span class='ocrx_word' id='word_1_222' title='bbox 510 2218 677 2259; x_wconf 89' lang='lat' dir='ltr'>habent.</span> <span class='ocrx_word' id='word_1_223' title='bbox 725 2231 960 2273; x_wconf 86' lang='lat' dir='ltr'>quamquam</span> <span class='ocrx_word' id='word_1_224' title='bbox 989 2231 1040 2260; x_wconf 90' lang='lat' dir='ltr'>ne</span> <span class='ocrx_word' id='word_1_225' title='bbox 1070 2217 1172 2258; x_wconf 89' lang='lat' dir='ltr'>hanc</span> <span class='ocrx_word' id='word_1_226' title='bbox 1202 2217 1356 2272; x_wconf 82' lang='lat' dir='ltr'>quidem</span> <span class='ocrx_word' id='word_1_227' title='bbox 1384 2211 1446 2252; x_wconf 85' lang='lat' dir='ltr'>in·</span> 
     </span>
     <span class='ocr_line' id='line_1_29' title="bbox 126 2283 1444 2345; baseline 0.004 -19"><span class='ocrx_word' id='word_1_228' title='bbox 126 2287 455 2343; x_wconf 84' lang='lat' dir='ltr'>terpretationem</span> <span class='ocrx_word' id='word_1_229' title='bbox 486 2297 637 2331; x_wconf 88' lang='lat' dir='ltr'>certam</span> <span class='ocrx_word' id='word_1_230' title='bbox 668 2291 793 2343; x_wconf 82' lang='lat' dir='ltr'>duco3</span> <span class='ocrx_word' id='word_1_231' title='bbox 840 2290 1155 2345; x_wconf 89' lang='lat' dir='ltr'>quandoquidem</span> <span class='ocrx_word' id='word_1_232' title='bbox 1194 2299 1320 2341; x_wconf 76' lang='lat' dir='ltr'>neque</span> <span class='ocrx_word' id='word_1_233' title='bbox 1348 2283 1444 2325; x_wconf 77' lang='lat' dir='ltr'>illud</span> 
     </span>
     <span class='ocr_line' id='line_1_30' title="bbox 127 2355 1445 2416; baseline -0.001 -15"><span class='ocrx_word' id='word_1_234' title='bbox 127 2356 278 2401; x_wconf 85' lang='lat' dir='ltr'>Catulli</span> <span class='ocrx_word' id='word_1_235' title='bbox 310 2360 449 2401; x_wconf 87' lang='lat' dir='ltr'>‘otium</span> <span class='ocrx_word' id='word_1_236' title='bbox 480 2359 640 2403; x_wconf 88' lang='lat' dir='ltr'>Catulle</span> <span class='ocrx_word' id='word_1_237' title='bbox 670 2362 743 2403; x_wconf 86' lang='lat' dir='ltr'>tibi</span> <span class='ocrx_word' id='word_1_238' title='bbox 781 2363 993 2405; x_wconf 90' lang='lat' dir='ltr'>molestum</span> <span class='ocrx_word' id='word_1_239' title='bbox 1023 2362 1098 2404; x_wconf 87' lang='lat' dir='ltr'>est&#39;</span> <span class='ocrx_word' id='word_1_240' title='bbox 1127 2374 1255 2416; x_wconf 88' lang='lat' dir='ltr'>neque</span> <span class='ocrx_word' id='word_1_241' title='bbox 1279 2355 1445 2412; x_wconf 86' lang='lat' dir='ltr'>Sapphi-</span> 
     </span>
     <span class='ocr_line' id='line_1_31' title="bbox 127 2434 1444 2490; baseline 0 -16"><span class='ocrx_word' id='word_1_242' title='bbox 127 2445 215 2474; x_wconf 87' lang='lat' dir='ltr'>cum</span> <span class='ocrx_word' id='word_1_243' title='bbox 244 2434 346 2475; x_wconf 80' lang='grc' dir='ltr'><em>ἀλλὰ</em></span> <span class='ocrx_word' id='word_1_244' title='bbox 373 2438 455 2474; x_wconf 79' lang='grc' dir='ltr'>πᾶν</span> <span class='ocrx_word' id='word_1_245' title='bbox 480 2436 678 2488; x_wconf 82' lang='grc' dir='ltr'><em>τολματὸν</em></span> <span class='ocrx_word' id='word_1_246' title='bbox 704 2434 803 2476; x_wconf 87' lang='lat' dir='ltr'>satis</span> <span class='ocrx_word' id='word_1_247' title='bbox 844 2443 1024 2490; x_wconf 85' lang='lat' dir='ltr'>apertum</span> <span class='ocrx_word' id='word_1_248' title='bbox 1063 2443 1149 2488; x_wconf 90' lang='lat' dir='ltr'>est,</span> <span class='ocrx_word' id='word_1_249' title='bbox 1196 2446 1281 2475; x_wconf 89' lang='lat' dir='ltr'>cum</span> <span class='ocrx_word' id='word_1_250' title='bbox 1310 2436 1444 2470; x_wconf 77' lang='lat' dir='ltr'>tamen</span> 
     </span>
     <span class='ocr_line' id='line_1_32' title="bbox 127 2498 1442 2562; baseline 0 -17"><span class='ocrx_word' id='word_1_251' title='bbox 127 2498 223 2545; x_wconf 83' lang='lat' dir='ltr'>illud</span> <span class='ocrx_word' id='word_1_252' title='bbox 260 2505 309 2546; x_wconf 87' lang='lat' dir='ltr'>ab</span> <span class='ocrx_word' id='word_1_253' title='bbox 349 2505 423 2546; x_wconf 92' lang='lat' dir='ltr'>hoc</span> <span class='ocrx_word' id='word_1_254' title='bbox 464 2519 702 2562; x_wconf 82' lang='lat' dir='ltr'>expressum</span> <span class='ocrx_word' id='word_1_255' title='bbox 742 2521 833 2549; x_wconf 91' lang='lat' dir='ltr'>esse</span> <span class='ocrx_word' id='word_1_256' title='bbox 873 2508 971 2550; x_wconf 87' lang='lat' dir='ltr'>satis</span> <span class='ocrx_word' id='word_1_257' title='bbox 1011 2516 1195 2550; x_wconf 86' lang='lat' dir='ltr'>constare</span> <span class='ocrx_word' id='word_1_258' title='bbox 1233 2503 1442 2546; x_wconf 83' lang='lat' dir='ltr'>videatur:</span> 
     </span>
     <span class='ocr_line' id='line_1_33' title="bbox 126 2576 1446 2636; baseline -0.004 -17"><span class='ocrx_word' id='word_1_259' title='bbox 126 2576 219 2630; x_wconf 87' lang='lat' dir='ltr'>quid</span> <span class='ocrx_word' id='word_1_260' title='bbox 247 2577 369 2632; x_wconf 80' lang='lat' dir='ltr'>igitur</span> <span class='ocrx_word' id='word_1_261' title='bbox 397 2578 459 2619; x_wconf 86' lang='lat' dir='ltr'>hic</span> <span class='ocrx_word' id='word_1_262' title='bbox 489 2579 572 2631; x_wconf 89' lang='lat' dir='ltr'>fiet,</span> <span class='ocrx_word' id='word_1_263' title='bbox 604 2579 670 2622; x_wconf 93' lang='lat' dir='ltr'>ubi</span> <span class='ocrx_word' id='word_1_264' title='bbox 699 2581 810 2623; x_wconf 87' lang='lat' dir='ltr'>rivus</span> <span class='ocrx_word' id='word_1_265' title='bbox 841 2588 992 2623; x_wconf 85' lang='lat' dir='ltr'>tantum</span> <span class='ocrx_word' id='word_1_266' title='bbox 1023 2585 1222 2636; x_wconf 86' lang='lat' dir='ltr'>superest,</span> <span class='ocrx_word' id='word_1_267' title='bbox 1253 2577 1342 2617; x_wconf 86' lang='lat' dir='ltr'>fons</span> <span class='ocrx_word' id='word_1_268' title='bbox 1373 2587 1446 2615; x_wconf 83' lang='lat' dir='ltr'>ex-</span> 
     </span>
    </p>
   </div>
  </div>
 </body>
</html>
