1659 2948
127 313 258 362 rtisque
290 322 369 350 non
401 311 556 349 omnino
592 310 680 348 (lata
706 311 757 348 sit
782 311 989 361 impunitas
1016 313 1055 348 et
1081 311 1203 358 gratia
1228 322 1251 348 a
1283 309 1454 349 triumvi-

133 448 166 486 2,
189 447 222 479 7.
245 447 299 480 10.
322 458 370 488 sq.
406 448 436 485 3,
459 447 491 479 4.
515 447 569 478 26.
614 445 719 486 Epist.
744 447 782 484 2,
806 448 838 478 2.
862 447 905 480 48
937 450 969 479 et
999 456 1039 479 ex
1071 446 1266 488 quorundam
1295 446 1457 478 sententia

135 493 231 532 epist.
254 493 293 530 1,
325 494 378 524 20.
411 492 466 523 23.
505 491 583 530 (Me
611 491 722 532 primis
753 492 842 522 urbis
873 493 947 522 belli
978 493 1137 532 placuisse
1167 491 1348 532 domique.)
1379 492 1455 531 ibiq.

135 537 274 568 Schmid.
305 540 338 568 et
360 537 497 567 Passov.
521 537 579 567 vit.
610 547 642 576 p.
666 535 790 566 XXXI.
815 538 880 566 not.
904 537 958 566 83.
989 538 1078 568 Suet.
1102 537 1160 567 vit.
1190 554 1235 559 —
1280 537 1457 567 Praeterea

135 584 208 622 post
229 581 414 612 Massonum
436 581 494 611 rit.
518 591 549 622 p.
574 582 634 616 53,
667 581 835 610 Ommeren
858 580 890 610 in
912 580 994 610 libro
1019 590 1076 611 suo
1100 580 1230 619 (Horaz
1254 582 1300 612 als
1323 581 1455 612 Menscli

136 625 201 656 und
222 626 380 666 Biirger)‚
403 625 510 656 Klotz.
533 626 566 655 in
589 625 707 656 vindic.
730 625 862 660 Horat..
893 624 1041 663 Lessing.
1064 625 1096 654 in
1121 626 1238 656 eximia
1261 628 1456 657 commenta-

136 670 224 701 tione
248 680 330 711 quae
350 670 507 708 inscripta
538 671 602 699 est:
641 670 825 708 Rettungen
858 668 914 698 des
937 668 1044 698 Horaz
1083 668 1300 707 (Vermischte
1325 670 1457 700 Schrist.

135 714 243 745 Berlin
274 714 373 746 1784.
405 713 466 743 Th.
496 713 527 743 3.
565 723 596 752 p.
621 713 685 744 239
717 714 789 752 sq.)
825 715 857 743 et
887 712 1045 743 Wieland.
1080 713 1112 742 in
1144 713 1379 744 introductione
1416 714 1458 745 ad

137 760 230 799 epist.
261 759 298 795 2,
329 758 361 788 1.
399 757 580 797 nuperrime
610 757 651 787 de
681 756 850 797 stipendiis
881 757 1007 788 Horatii
1040 757 1226 787 acutissime
1255 758 1460 797 disputarunt

136 801 346 834 Eichstad.
377 802 410 832 in
432 801 589 842 paradox.
613 801 801 832 Horatianis
825 801 966 842 quintum
990 802 1163 842 propositis
1192 801 1309 835 (Jenae
1332 802 1459 839 183.st

135 847 296 878 Jacobs.
321 847 353 877 iu
378 847 489 886 script.
512 846 647 877 Miscell.
673 846 763 878 Tom.
791 845 829 877 V.
853 856 884 886 p.
909 846 973 877 315
997 857 1044 886 sq.
1090 846 1312 877 Weichert.
1347 856 1379 886 p.
1401 848 1459 877 r.el

133 901 167 932 p
190 892 267 923 453.
290 891 330 922 de
353 890 431 922 Var.
455 893 487 921 et
511 892 602 921 Cass.
626 901 658 931 p.
682 891 725 923 37
749 894 782 921 et
804 892 879 922 330.
924 891 1091 921 Passow
1123 891 1181 922 rit.
1212 901 1243 931 p.
1267 890 1394 922 XXXII
1412 902 1459 930 sq.

135 936 281 976 Denique
304 946 335 967 v.
357 936 526 975 interpret.
550 936 641 966 Suet.
665 936 722 966 xit.
747 935 796 966 ed.
815 935 957 966 Richter.
981 946 1011 975 p.
1035 936 1055 967 8
1072 952 1116 957 -
1131 936 1175 967 10
1200 938 1232 967 et
1255 936 1282 965 si
1305 936 1386 966 tanti
1411 938 1461 965 est

136 981 303 1019 salvate,
327 980 456 1011 Horace
479 983 512 1011 et
534 980 721 1021 l'empereur
744 980 889 1020 Auguste
910 981 1023 1015 (Paris
1048 981 1162 1015 1823.)
1188 990 1217 1020 p.
1241 980 1305 1011 150
1323 997 1367 1002 -
1382 980 1459 1011 153.

137 1026 288 1063 Constat,
328 1027 527 1065 quantopere
556 1025 589 1056 in
618 1025 820 1056 confessione
849 1025 903 1055 illa
924 1025 1051 1056 Horatii
1074 1025 1280 1065 dijudicanda
1309 1027 1461 1066 recteque

137 1068 347 1108 aestimanda,
371 1079 464 1111 quam
487 1071 590 1101 veteri
613 1079 671 1100 suo
694 1070 796 1100 sodali
818 1070 970 1110 Pompejo
992 1069 1079 1101 Varo
1103 1071 1196 1101 fecit:

400 1114 521 1145 Tecum
545 1115 707 1155 Philippos
732 1117 764 1145 et
786 1115 921 1145 celerem
943 1115 1050 1154 fugam

401 1159 496 1190 Sensi
520 1159 631 1190 relicta
653 1169 714 1190 non
739 1160 821 1190 bene
843 1159 997 1200 parmula,

447 1205 528 1235 Cum
551 1205 654 1235 fracta
676 1204 779 1235 virtus
803 1206 836 1234 et
857 1204 998 1235 minaces

490 1248 600 1290 Turpe
621 1249 721 1279 solum
742 1249 881 1288 tetigere
902 1251 1020 1279 mento.

137 1293 178 1324 ab
207 1292 388 1324 hominibus
412 1293 516 1324 doctis
550 1294 582 1324 in
615 1293 762 1324 diversas
785 1294 906 1324 abitum
928 1293 972 1324 sit
994 1295 1115 1334 partes.
1169 1292 1279 1324 Dicam
1310 1293 1462 1328 breviter,

137 1337 222 1377 quod
243 1339 359 1369 sentio.
412 1337 566 1369 Horatius
596 1339 723 1369 minime
753 1339 890 1378 ignavus
914 1339 1066 1379 profugus
1089 1340 1181 1368 scuto
1204 1339 1331 1378 abjecto
1360 1339 1461 1370 aciem

139 1382 276 1422 reliquit,
301 1383 359 1413 sed
381 1383 554 1414 communis
577 1383 672 1423 fugae
696 1386 769 1424 post
790 1383 924 1414 alteram
948 1384 1068 1414 cladem
1091 1384 1253 1424 particeps
1275 1384 1345 1414 suit.
1397 1384 1463 1414 Sed

140 1426 317 1456 cavendum
354 1436 397 1457 ne
431 1428 595 1458 fortiorem
624 1428 797 1458 habeamus
829 1438 922 1468 qnam
952 1428 1023 1459 suit.
1075 1427 1120 1459 Et
1149 1428 1259 1459 nescio
1290 1437 1330 1458 an
1370 1428 1464 1458 nimis

138 1470 207 1509 ejus
244 1471 398 1500 virtutem
427 1471 573 1502 bellicam
604 1473 852 1511 exaggeraverit
878 1473 1070 1512 Lessingius
1099 1473 1144 1503 ita
1175 1473 1354 1503 disserens:
1387 1472 1463 1510 (ed.

136 1513 333 1544 Lachmann.
362 1513 454 1544 Tom.
477 1514 532 1545 IV.
562 1525 593 1555 p.
616 1516 694 1553 28.)
734 1516 864 1557 „Horaz
896 1527 962 1547 war
997 1518 1049 1547 ein
1072 1518 1191 1556 junges
1219 1516 1351 1546 Mensch
1381 1517 1463 1547 ohne

137 1558 248 1589 Ahnen
271 1557 336 1588 und
358 1557 548 1598 Vermtigem
572 1558 637 1589 und
659 1559 803 1590 dennoch
825 1561 977 1600 gelangte
1001 1570 1036 1590 er
1057 1561 1160 1599 gleich
1183 1561 1320 1599 anfangs
1343 1570 1382 1591 zu
1407 1561 1464 1591 der

138 1602 256 1634 Wiirde
280 1603 368 1633 eines
391 1602 543 1634 Tribuns.
596 1603 643 1634 Ist
668 1614 702 1634 es
725 1604 793 1634 also
817 1604 904 1635 nicht
927 1605 1011 1642 klar‚
1051 1604 1127 1634 dass
1148 1604 1239 1635 Brut.
1262 1605 1465 1644 personliche

137 1646 388 1688 Eigenschaften
418 1648 450 1678 in
481 1648 544 1679 ihm
566 1648 672 1679 miisse
695 1648 848 1680 entdeckt
876 1649 998 1686 haben,
1037 1649 1155 1681 welche
1186 1648 1247 1680 den
1270 1648 1398 1689 Mangel
1422 1659 1463 1681 an

139 1692 250 1723 Ahnen
280 1692 344 1723 und
374 1691 555 1733 Vermiigen
589 1693 773 1724 ersetzten?
818 1693 893 1725 Was
922 1694 1063 1724 konnten
1094 1694 1200 1724 dieses
1223 1694 1303 1724 aber
1332 1694 1464 1725 11111ζί-

138 1736 346 1776 genschaften
370 1737 455 1774 sein,
494 1746 585 1769 wenn
609 1748 645 1768 es
673 1738 763 1769 nicht
794 1739 860 1769 ein
892 1738 1216 1770 entschiedener
1246 1739 1353 1770 Muth
1372 1740 1463 1770 vund

139 1781 233 1812 eine
271 1781 542 1821 vorziigliche
579 1782 803 1823 Fiihigkeit
848 1793 921 1815 zur
958 1783 1245 1823 Kriegsknnst
1284 1783 1463 1814 waren‘P'

138 1825 230 1858 Quod
260 1826 288 1856 si
319 1835 431 1856 verum
461 1829 549 1857 esset
565 1827 738 1866 judicium,
777 1828 953 1859 mirandum
977 1830 1081 1865 esset,
1114 1827 1198 1867 quod
1220 1827 1400 1859 Maecenati
1423 1828 1464 1859 ad

139 1870 254 1901 bellum
277 1870 443 1901 Actiacum
465 1871 592 1902 abituro
614 1873 745 1912 scripsit
767 1873 859 1912 epod.
882 1873 920 1909 1,
943 1872 999 1904 15.

403 1915 522 1956 Roges,
544 1918 633 1946 tuum
654 1916 765 1947 labore
787 1916 863 1956 quid
879 1918 990 1956 juvem
1012 1926 1093 1955 meo,

492 1960 678 1991 Imbellis
709 1970 748 1991 ac
770 1960 879 1992 firmus
900 1961 1035 2002 parum?

139 2004 193 2034 ubi
218 2003 305 2035 aliud
327 2003 449 2035 dixisse
471 2005 558 2035 aliud
580 2006 722 2035 sensisse
745 2006 919 2037 videretur.
970 2007 1006 2036 ln
1031 2015 1069 2036 eo
1092 2015 1170 2037 vero
1193 2006 1351 2042 carmine,
1381 2006 1465 2048 quod

140 2049 292 2089 Pompejo
314 2049 401 2080 Varo
425 2049 563 2087 dicavit,
595 2050 777 2089 abjectione
799 2051 853 2081 illa
875 2051 975 2089 scuti,
1015 2051 1086 2082 sive
1108 2060 1187 2081 vera
1215 2051 1277 2082 suit
1298 2052 1369 2083 sive
1392 2062 1464 2091 non,

141 2102 183 2124 ex
205 2103 277 2124 mea
301 2094 427 2135 quidem
451 2095 612 2125 sententia
635 2095 678 2125 nil
702 2095 789 2125 aliud
812 2095 1009 2136 significavit
1031 2105 1124 2136 quam
1147 2096 1223 2127 hoc:
1255 2097 1300 2127 Se
1322 2106 1385 2127 non
1408 2106 1464 2127 us-

139 2147 202 2178 que
223 2139 305 2169 adeo
334 2148 355 2169 a
378 2139 525 2180 partibus
549 2139 708 2170 libertatis
732 2140 934 2171 defensorum
966 2141 1113 2178 stetisse,
1152 2143 1188 2171 ut
1217 2142 1290 2172 acie
1310 2141 1465 2173 Brutiana

139 2183 244 2213 fracta
266 2183 317 2214 vel
339 2187 472 2215 mortem
495 2184 705 2225 oppetendam
728 2184 872 2221 duxerit,
904 2184 963 2217 sed
985 2186 1174 2216 necessitati
1205 2186 1371 2217 cedentem
1392 2197 1465 2217 mu-

138 2229 271 2268 tatoque
293 2229 425 2259 consilio
448 2229 605 2261 victorum
628 2230 734 2270 gratia
756 2231 906 2262 maluisse
928 2231 1064 2262 servari.
1116 2231 1191 2261 Non
1213 2231 1312 2271 igitur
1334 2232 1465 2263 fortitu-

138 2271 244 2303 dinem
266 2273 326 2303 sibi
350 2274 486 2314 abrogat
508 2275 540 2305 in
562 2284 670 2315 pugna
692 2275 880 2316 praestitam
903 2275 961 2306 sed
984 2286 1054 2307 eam
1075 2278 1199 2307 tantum
1229 2277 1363 2307 militiae
1386 2285 1465 2307 suae

138 2316 306 2357 adspergit
326 2319 491 2357 maculam,
522 2319 605 2360 quod
628 2329 688 2350 non
714 2321 858 2351 omnibus
881 2321 1059 2360 unguiculis
1089 2330 1147 2361 pro
1169 2321 1315 2361 partibus
1338 2330 1463 2362 pugna-

138 2363 224 2392 verit
246 2365 280 2393 et
302 2363 352 2394 vel
378 2363 419 2394 ad
441 2364 690 2395 internecionem
714 2374 814 2406 usque
836 2365 868 2395 in
892 2366 964 2396 acie
987 2367 1126 2396 steterit.
1171 2366 1357 2397 Posteriore
1379 2370 1461 2396 tem-

139 2415 216 2455 pore
239 2410 351 2447 aperte
373 2408 517 2448 Augusto
539 2408 780 2450 gratificaturus
812 2419 882 2441 cum
912 2411 961 2441 sui
991 2420 1133 2452 suaeque
1163 2411 1297 2442 militiae
1327 2410 1462 2453 quadam

139 2449 321 2483 irrisiones
306 2453 436 2494 scripsit
466 2454 560 2494 epist.
584 2456 614 2491 2,
637 2455 669 2486 2.
692 2455 746 2487 48.

378 2498 556 2539 Civilisque
578 2499 687 2530 rudem
710 2501 783 2531 belli
805 2500 879 2531 tulit
899 2503 1010 2532 aestus
1031 2502 1063 2532 in
1087 2510 1177 2532 arma

382 2543 534 2575 Caesaris
556 2545 690 2584 Augusti
712 2554 773 2575 non
798 2555 991 2585 responsura
1012 2546 1153 2577 lacertis.

143 2587 175 2614 et
198 2585 291 2626 epist.
313 2588 345 2625 2,
368 2588 401 2618 1.
426 2589 490 2621 124
512 2590 545 2620 in
568 2590 674 2621 faceta
698 2593 814 2631 poetae
837 2590 1054 2632 descriptione
1077 2591 1161 2622 haud
1184 2590 1281 2622 dubie
1311 2600 1369 2622 sua
1401 2591 1460 2621 sti—
