1679 2948
689 178 963 220 -73-

167 287 351 338 randum,
388 298 485 336 quae
515 288 666 324 illorum
693 289 807 326 suerit
835 289 1004 339 indoles7
1043 289 1187 326 seilicet
1223 290 1263 324 ut
1293 288 1495 335 singularis

165 349 350 397 cujusque
387 350 541 395 eelogae
577 349 726 386 indoles
762 353 801 387 et.
835 352 940 389 color
981 352 1243 398 cognoscatur.
1295 351 1395 387 Nam
1421 350 1497 387 nisi

165 410 363 447 hominum
391 411 561 447 delectus
588 423 650 447 res
678 412 796 449 veluti
823 412 1051 450 secundaria
1077 412 1152 461 ipsi
1178 412 1327 461 fuisset,
1355 412 1495 449 miran-

165 471 258 508 dum
285 475 401 521 essct,
430 473 531 520 quod
553 473 763 518 juvenibus
790 477 828 510 et
855 475 1089 521 ignobilibus
1118 474 1258 522 partim
1276 473 1495 510 hominibus

164 533 315 570 libellos
343 534 508 584 dicavit,
543 545 613 571 nee
641 534 689 570 ad
717 546 782 571 eos
808 535 943 572 literas
971 536 1099 585 dedit7
1128 536 1194 584 qui
1220 535 1362 572 artiore
1388 534 1496 571 fami-

163 594 342 632 liaritatis
369 595 522 633 vinculo
551 607 636 632 cum
662 596 748 644 ipso
775 597 986 634 consociati
1012 600 1133 633 erant.
1186 597 1321 644 Itaque
1348 598 1498 632 tantum

164 655 296 706 abest⁷
325 659 367 693 ut
395 657 628 703 singularem
655 658 841 705 cujusque
868 658 1056 706 epistolae
1091 658 1260 694 indolem
1288 657 1498 695 sec-undum

164 717 335 754 indolem
362 718 544 766 hominis,
573 718 633 754 cui
662 718 850 766 inscripta
877 722 958 769 est,
986 721 1261 756 conformatam
1288 731 1373 755 esse
1395 719 1498 766 judi—

164 790 247 815 cem
273 801 323 806 —
349 789 425 827 qua
451 779 542 814 olim
568 778 717 814 ratione
746 791 916 816 summus
943 782 1077 817 noster
1102 780 1345 816 wiclandius
1372 780 1412 816 in
1438 780 1498 816 his

161 840 352 887 poematis
380 839 620 888 explicandis
655 843 829 877 versatus
865 843 946 890 est,
982 841 1043 878 eui
1079 844 1207 877 tamen
1241 841 1500 877 minutissima

161 911 339 949 quaeque
365 901 523 937 rimanti
552 902 611 938 vel
637 903 768 950 potius
795 903 1102 939 eomminiscenti
1123 902 1204 949 jam
1223 901 1395 939 diffidere
1413 914 1498 938 coe-

161 965 303 1010 perunt
329 963 505 999 homines
534 963 638 1000 docti
665 967 753 1012 post
779 976 867 1001 acre
894 965 1065 1002 Jacobsii
1092 965 1162 1001 τοῦ
1189 966 1288 1001 πάνυ
1312 963 1499 1009 judicium

161 1045 211 1052 —
237 1027 281 1060 ut
307 1025 510 1061 Horatium
536 1037 606 1073 pro
634 1037 680 1062 eo
708 1037 822 1074 quem
856 1028 1159 1075 persequeretur
1193 1027 1267 1062 fine
1304 1025 1500 1062 hominem

163 1085 353 1133 delegisse
381 1087 456 1123 sibi
492 1087 637 1136 dicam,
674 1088 782 1133 eujus
817 1088 1014 1135 ingenium
1050 1087 1237 1136 epistolae
1271 1087 1389 1124 colori
1418 1087 1499 1133 J‘am

161 1147 372 1184 constituto
399 1148 624 1196 adaptatum
652 1152 755 1186 esset
783 1152 821 1186 et
848 1150 1083 1186 conveniret.
1137 1149 1344 1185 Praeterea
1370 1151 1500 1185 autem

161 1211 204 1245 ut
230 1220 427 1257 nunquam
454 1210 549 1246 mihi
577 1211 676 1258 eripi
713 1211 863 1261 patiar,
905 1212 1010 1248 fictas
1048 1222 1134 1246 esse.
1170 1210 1354 1258 epistolas
1382 1209 1410 1245 I.
1440 1210 1498 1246 13.

154 1270 244 1321 „Ut
266 1270 623 1322 proficiscentemf‘
653 1273 710 1308 14.
733 1273 904 1322 „l'illz‘ce
919 1269 1164 1320 silvarumf‘
1184 1273 1223 1307 et
1249 1270 1403 1307 nemine
1423 1271 1498 1308 dis-

164 1332 358 1369 sentiente
385 1333 445 1369 20.
476 1334 778 1383 „Vertumnum
803 1331 1087 1383 Janumque‚“
1119 1332 1281 1369 editioni
1317 1343 1409 1369 vero
1442 1333 1499 1369 di-

161 1395 268 1430 catas
296 1397 335 1430 et
362 1394 507 1431 ideirco
535 1395 699 1444 scriptas
726 1396 754 1432 Ι.
786 1396 818 1432 1.
844 1397 1014 1445 „Prima
1042 1393 1187 1444 αἰωρῇ(
1211 1395 1244 1430 7.
1281 1394 1501 1444 „Quinque

162 1454 294 1504 dies‚“
315 1456 351 1491 9.
375 1457 622 1505 „Septimius
653 1456 841 1506 Clcmdif‘
879 1458 936 1494 17.
961 1457 1184 1506 „Quamvis
1210 1454 1409 1506 Scacvaf‘
1440 1456 1497 1493 IS.

153 1517 230 1566 „Si
255 1518 407 1554 benele
424 1517 548 1554 ηουὶίῐ
570 1521 607 1553 et
629 1519 685 1554 19.
708 1520 878 1567 „Prisco
905 1521 940 1556 si
966 1516 1148 1556 credis-:³
1173 1517 1228 1554 ita
1254 1527 1332 1553 non
1359 1517 1495 1553 dubito

161 1578 256 1626 quin
285 1581 324 1614 et
351 1578 514 1626 epistola
545 1579 602 1615 19.
631 1580 935 1628 perfectissimae
972 1580 1113 1616 satirae
1140 1580 1318 1615 naturam
1344 1578 1499 1627 habeat,

161 1641 201 1676 et
228 1640 348 1677 satira
373 1640 463 1677 libri
480 1641 510 1677 Ι.
531 1643 643 1677 sexta
670 1643 792 1691 „Non
821 1644 919 1690 quia
945 1639 1197 1679 Maecenas‘·‘
1217 1635 1287 1691 (cs.
1306 1640 1497 1677 Wieland.

159 1704 239 1738 not.
270 1698 351 1754 18.)
379 1703 545 1751 epistola
571 1703 707 1740 haberi
734 1703 872 1752 possit,
901 1705 940 1739 et
968 1702 1176 1739 haberetur
1202 1701 1360 1751 oppido,
1404 1701 1436 1738 si
1459 1702 1500 1738 in

163 1764 414 1811 epistolarum
440 1764 622 1801 fasciculo
648 1765 855 1811 legeretur.

264 1826 306 1862 In
333 1826 557 1863 universum
582 1826 701 1872 igitur
736 1827 859 1863 veteri
886 1827 1123 1863 Scholiastae
1152 1825 1410 1873 Porphyrioni
1437 1836 1498 1862 ac-

163 1887 275 1937 cedo,
303 1887 370 1935 qui
397 1888 453 1923 ita
480 1890 761 1924 commentatus
788 1890 850 1924 est
874 1888 923 1924 ab
950 1889 1034 1924 init.
1063 1888 1198 1936 epist.:
1234 1886 1392 1936 „Flacci
1418 1887 1499 1934 epi-

164 1949 351 1985 stolarum
377 1948 467 1985 libri
493 1949 607 1985 titulo
643 1951 793 1984 tantum
828 1948 1036 1985 dissimiles
1063 1960 1086 1985 a
1113 1948 1361 1985 Sermonibus
1389 1950 1499 1997 sunt3

162 2021 252 2047 nam
279 2012 318 2046 et
345 2010 459 2046 metri
486 2012 525 2046 et
551 2009 758 2046 verborum
785 2012 997 2047 communis
1025 2011 1260 2059 assumptio,
1288 2019 1384 2057 quos
1411 2010 1499 2046 ulti-

161 2083 245 2109 mos
273 2083 359 2108 esse
386 2071 471 2119 ipse
498 2074 664 2108 testatur
690 2073 922 2121 Maecenati,
950 2083 1036 2109 cum
1063 2071 1157 2108 dicit
1160 2101 1177 2121 ,
1202 2072 1311 2108 finire
1340 2083 1380 2108 se
1408 2082 1499 2120 ope-

162 2146 246 2172 ram
285 2135 385 2171 velle
426 2136 465 2170 et
504 2134 775 2181 philosophiae
815 2134 927 2170 mallo
962 2132 1190 2170 inse1·vire.“
1218 2155 1268 2161 —
1293 2133 1370 2169 nisi
1396 2133 1500 2181 quod

165 2197 392 2246 „aliquanto
418 2195 605 2242 majorem
640 2196 681 2232 in
708 2195 885 2243 epistolis
922 2195 1154 2241 elegantiam
1187 2205 1434 2231 numerorum
1461 2197 1499 2231 et

164 2258 466 2295 concinnitatem
509 2268 624 2305 quam
659 2258 699 2294 in
735 2255 1012 2294 Scrmo11ibus⁵⁴
1049 2253 1278 2308 (Hermann.
1315 2257 1424 2293 elem.
1462 2256 1497 2292 d.

165 2322 275 2357 metr.
304 2331 342 2367 p.
371 2315 495 2370 353),
522 2319 792 2366 perfectiorem
820 2318 1090 2367 elocutionem,
1119 2318 1355 2355 severiorum
1381 2328 1498 2363 argu—

165 2383 382 2418 mentorum
408 2380 620 2430 delectum,
657 2380 834 2416 altiorem
870 2380 1036 2428 deniquo
1064 2380 1306 2417 tractationis
1334 2379 1496 2425 digmta-

165 2444 243 2478 tem
269 2453 431 2490 eamque
466 2443 606 2489 poetae
641 2441 820 2491 ingenio,
861 2443 1002 2491 menti,
1043 2442 1162 2479 aetati
1200 2443 1499 2479 consentaneam

165 2502 342 2540 lubenter
368 2514 547 2550 agnosco.

241 2592 244 2596 .
266 2564 342 2600 Sed
367 2565 500 2602 redcat
529 2565 653 2602 oratio
681 2565 782 2602 unde
810 2566 1007 2614 paululum
1034 2565 1184 2602 deflexa
1211 2566 1280 2601 est.
1334 2563 1496 2608 Quando
