1643 2959
610 186 898 227 —229—

289 293 405 337 lMP.
441 293 608 339 CAES.
641 295 779 340 DIVI.
812 295 860 338 F.
894 295 1029 340 AVG.
1063 296 1197 340 PON.
1231 297 1364 341 MAX

290 372 418 416 COS.
461 373 562 416 XII.
597 375 696 430 (leg.
729 374 811 429 xx.)
842 374 1141 419 TRIBVNIC.
1174 374 1416 419 POTEST.

696 453 754 495 X.
789 455 888 510 (leg.
921 452 1004 507 XI.)
1035 453 1152 496 [MP.
1184 453 1310 497 VIIII

290 530 460 575 ORBE.
493 531 658 575 MARI.
692 532 784 575 ET.
818 532 1033 575 TERRA.
1065 531 1300 576 PACATO

284 610 541 654 TEMPLO.
576 611 718 654 IANI.
752 610 961 655 CLVSO.
994 611 1085 654 ET.
1118 611 1247 654 REP.
1281 611 1354 656 ΡΟ

286 689 429 732 ROM.
467 688 663 732 OPTIM.
696 689 889 732 LEGIB.
926 689 1213 734 SANCTISS

283 767 496 810 INSTIT.
530 766 744 809 REFOR.
777 766 942 810 VIAM.
979 767 1189 810 SVPERI

285 842 469 887 ORVM.
505 843 669 886 COSS.
703 843 1002 886 TEMPORE.
1036 845 1223 888 INCHO

282 921 374 963 ET.
408 920 646 963 MVLTIS.
680 920 872 963 LOCIS.
905 921 1195 964 INTERMIS

286 997 422 1041 SAM.
454 997 586 1041 PRO.
620 997 962 1042 DIGNITATE.
996 999 1223 1042 IMPERII

404 1075 730 1119 LATIOREM.
764 1077 1165 1133 LONGIOREMQ

408 1154 638 1198 GADEIS.
672 1154 804 1211 VSQ.
837 1155 1154 1199 PERDVXIT.

14 1272 18 1284 ²
81 1281 193 1316 Hunc
219 1280 373 1315 titulum
399 1279 605 1316 admodum
632 1281 831 1328 probabile
859 1284 919 1317 est
946 1281 1115 1317 dicatum
1142 1293 1227 1317 esse
1255 1293 1289 1317 a.
1319 1294 1354 1318 u.
1383 1294 1413 1319 c.

82 1341 166 1377 742.
195 1341 363 1377 Primum
390 1352 468 1378 non
494 1344 623 1389 potest
658 1342 776 1389 prius.
833 1343 932 1379 Nam
976 1353 1208 1390 quamquam
1242 1343 1413 1390 Lepidus

76 1403 158 1450 jam
191 1414 222 1439 a.
259 1403 342 1441 741.
377 1405 549 1440 mortuus
584 1406 667 1440 erat
704 1402 797 1453 (Dio
825 1404 886 1452 54,
916 1400 1013 1454 272),
1048 1405 1246 1450 Augustus
1286 1407 1415 1441 tamen

80 1465 347 1501 Pontificatum
373 1465 583 1502 maximum
610 1476 710 1501 anno
738 1465 892 1501 demum
919 1466 1003 1502 742.
1032 1466 1130 1513 prid.
1171 1467 1269 1502 Non.
1298 1467 1411 1502 Mart.

82 1527 266 1576 suscepit,
302 1529 344 1562 ut
378 1530 488 1574 patet
526 1538 576 1563 ex
610 1527 713 1563 Fast.
748 1527 945 1563 Praenest.
982 1526 1122 1579 (Orell.
1158 1528 1271 1563 inser.
1299 1528 1347 1564 II.
1375 1539 1411 1575 p.

80 1589 164 1626 386.
194 1590 240 1625 cf.
270 1589 429 1634 Foggin.
450 1588 499 1624 ad
526 1589 611 1625 fast.
629 1589 763 1625 Praen.
783 1600 819 1636 p.
841 1585 925 1642 23.)
953 1591 992 1624 et
1010 1588 1170 1625 Kalend.
1198 1588 1408 1625 Maffaeior.

81 1646 220 1702 (Orell.
248 1650 270 1686 l.
298 1646 358 1702 1.).
393 1650 545 1687 Deinde
582 1650 655 1686 etsi
689 1650 874 1687 mendose
903 1653 942 1686 et
976 1650 1196 1686 consulatus
1225 1652 1263 1686 et
1290 1650 1410 1686 tribu-

80 1712 204 1748 niciae
232 1714 310 1759 pot.
338 1711 489 1747 numeri
516 1712 650 1759 scripti
678 1715 767 1748 sunt
791 1734 842 1740 —
867 1723 956 1748 nam
983 1723 1105 1748 annus
1132 1712 1183 1748 X.
1213 1711 1300 1747 trib.
1327 1714 1406 1758 pot.

80 1773 246 1819 Augusti
273 1775 333 1809 est
359 1784 381 1808 a
407 1774 452 1810 V.
474 1773 551 1810 Cal.
580 1774 648 1810 Iul.
678 1775 768 1809 anui
788 1774 870 1809 740.
898 1784 1019 1820 usque
1047 1772 1096 1808 ad
1115 1772 1408 1809 eunde1n·diem

80 1847 112 1872 a.
142 1835 227 1871 741.
254 1854 305 1861 —
338 1834 448 1870 facile
483 1837 613 1870 tamen
647 1835 803 1880 colligas
838 1834 1129 1881 inscriptionem
1154 1844 1232 1870 non
1257 1836 1346 1881 post
1372 1845 1405 1870 a.

79 1897 164 1933 742.
193 1897 332 1932 factam
360 1907 457 1931 esse.
497 1896 596 1932 Nam
622 1896 662 1931 in
688 1906 848 1931 numero
876 1895 942 1943 qui
969 1895 1056 1931 trib.
1085 1906 1122 1942 p.
1151 1895 1305 1932 additus
1333 1898 1405 1945 est,

78 1961 145 1995 aut
172 1957 372 2005 scalptoris
399 1959 466 1993 aut
493 1968 624 1993 eorum
660 1959 725 2005 qui
764 1957 933 2005 lapidem
968 1957 1253 2004 descripserunt
1295 1957 1406 2004 culpa

78 2022 145 2057 aut
171 2019 356 2067 temporis
391 2018 531 2066 injuria
558 2019 702 2055 excidit
728 2019 840 2054 litera
866 2019 884 2054 Ι
910 2019 972 2054 vel
999 2018 1048 2054 ad
1075 2029 1265 2054 summum
1292 2018 1404 2066 duae,

77 2081 118 2118 id
145 2081 247 2129 quod
274 2080 363 2116 inde
390 2080 599 2116 verisimile
627 2081 679 2129 fit,
708 2080 812 2129 quod
838 2080 1010 2126 ejusdem
1036 2081 1179 2116 formae
1205 2080 1319 2115 litera
1345 2090 1407 2114 se-

79 2143 219 2190 quitur.
271 2142 360 2179 Non
393 2144 523 2189 potest
557 2144 685 2178 autem
727 2142 815 2178 talis
849 2153 1031 2178 numerus
1067 2144 1269 2188 corruptus
1304 2151 1403 2189 esse,

78 2204 230 2252 qualem
268 2213 449 2238 numerus
492 2204 715 2240 Consulatui
755 2203 971 2251 adscriptus
1020 2203 1190 2250 postulat
1227 2222 1277 2229 —
1314 2212 1403 2238 nam

78 2265 220 2303 consul.
246 2265 344 2310 Aug.
371 2264 460 2301 XII.
488 2265 625 2302 incidit
650 2266 691 2301 in
717 2277 751 2302 a.
779 2266 864 2301 749.
893 2267 932 2300 et
957 2265 1064 2302 XIH.
1093 2264 1133 2300 in
1159 2275 1192 2300 a.
1220 2263 1321 2312 752„
1348 2263 1403 2298 ita

76 2329 133 2376 ut,
160 2327 193 2363 si
219 2337 386 2362 marmor
411 2326 586 2372 Augusto
612 2327 701 2364 XII.
730 2338 805 2363 cos.
834 2326 1003 2375 positum
1029 2327 1145 2375 esset,
1172 2324 1400 2362 tribuniciae

77 2392 156 2436 pot.
203 2399 325 2424 annus
369 2387 545 2423 denotari
585 2387 782 2424 debuisset
821 2390 888 2423 aut
930 2387 990 2424 18.
1034 2389 1101 2423 aut
1135 2387 1193 2424 19.
1237 2387 1304 2422 aut
1337 2384 1398 2420 20.

77 2450 146 2486 aut
177 2449 239 2486 21.
276 2451 315 2486 et
348 2449 470 2496 major
509 2448 643 2497 imper.
677 2459 872 2485 numerus.
916 2449 1019 2495 Ergo
1053 2457 1291 2495 consequens
1325 2447 1398 2494 est,

77 2512 121 2546 ut
154 2510 381 2547 tribuniciae
416 2512 558 2558 potest.
602 2510 843 2548 adscribatur
875 2521 1055 2547 numerus
1089 2509 1158 2547 XI.
1195 2509 1262 2543 aut
1293 2506 1397 2555 XII.⁷

78 2582 154 2620 quo
187 2571 378 2610 indicatur
413 2575 479 2609 aut
513 2584 546 2609 a.
576 2572 660 2609 742.
689 2574 756 2609 aut
782 2573 888 2622 743.3
916 2570 1131 2609 consulatui
1164 2570 1294 2606 autem
1326 2578 1396 2604 nu-
