1643 2959
646 189 703 196 -—
744 165 826 210 103
868 190 923 196 ———

118 282 221 316 tores
249 277 387 326 optimi
414 277 489 314 illis
515 278 757 326 temporibus
783 279 960 328 fuerunt,
996 278 1083 328 qui,
1112 289 1198 316 cum
1224 279 1365 317 multos
1392 281 1449 319 in-

114 339 383 389 teremissent,
419 340 614 377 commissi
639 340 745 376 inter
771 352 812 377 se
839 341 984 377 mutuis
1017 340 1242 378 vulneribus
1271 341 1448 379 concide-

113 403 226 451 runt,
263 403 303 437 et
329 412 422 439 cum
447 404 586 440 eodem
610 406 786 449 tempore
810 402 969 452 mulier,
997 412 1096 450 quae
1123 404 1273 451 septem
1300 404 1448 440 extule-

111 466 194 514 rat,
234 464 401 501 nuberet
427 464 485 513 ei,
525 463 592 512 qui
619 474 763 500 uxores
791 466 940 512 septem
965 464 1168 514 amiserat,
1207 466 1447 513 compertum

112 528 171 562 est
199 524 478 575 epigrammaf‘
506 547 556 554 ——
583 525 687 574 quod
714 525 868 573 quando
895 526 1038 562 factum
1071 525 1123 562 sit
1148 536 1209 563 me
1235 526 1344 573 fugit.

210 650 467 687 SATIRA
492 649 622 686 vlu.
667 649 805 700 „Olim
818 654 989 689 lrnncus
1006 649 1154 688 eram“
1171 662 1285 699 quem
1304 661 1446 688 annum

108 712 278 749 natalem
303 712 468 761 habeat,
504 711 555 748 ob
580 709 813 748 indiciorum
840 712 1033 749 defectum
1059 711 1213 749 difficile
1241 712 1346 749 dictu
1372 715 1443 749 est.

108 774 185 810 Sed
211 773 442 819 conjecturis
468 773 576 809 locus
605 771 729 808 datur.
783 772 995 809 Videamus
1029 773 1149 820 igitur
1183 772 1279 821 quid
1305 773 1445 821 proba-

105 834 238 871 biliter
272 833 455 871 extricari
488 833 625 881 possit.
678 833 861 870 Dubitari
900 834 1037 881 nequit
1075 834 1169 881 quin
1197 833 1280 879 jam
1314 833 1446 872 adulta

104 894 345 932 Maecenatis
373 897 412 932 et
437 894 591 932 Horatii
618 895 894 945 familiaritate,
923 905 1016 942 ergo
1042 896 1133 943 post
1159 906 1192 931 a.
1222 895 1323 944 717.,
1352 894 1444 931 scri-

102 959 172 1005 pta
198 957 262 1007 sit,
290 968 367 1005 qua
394 956 442 993 de
468 968 512 993 re
537 956 681 992 nollem
708 967 820 993 secus
841 956 1058 1002 judicasset
1082 957 1238 994 Passov.
1267 956 1335 993 vit.
1362 958 1444 993 not.

105 1019 189 1056 166.
218 1030 255 1067 p.
284 1018 387 1056 LXI.
440 1019 540 1055 Nam
565 1028 645 1054 non
673 1018 796 1055 solum
823 1018 1073 1055 honorificam
1098 1029 1287 1055 novorum
1313 1017 1443 1054 horto-

101 1091 200 1130 rum,
229 1090 325 1129 quos
352 1080 560 1116 Maecenas
588 1079 629 1116 in
646 1080 851 1128 Esquilino
878 1083 1010 1122 monte
1035 1079 1307 1129 adornaverat,
1334 1090 1443 1116 men-

98 1142 247 1179 tionem
273 1142 366 1178 facit
392 1143 508 1189 poeta
533 1153 570 1178 v.
600 1141 659 1178 14.
690 1141 765 1191 15.,
794 1141 863 1177 sed
890 1143 1110 1178 accuratam
1127 1141 1245 1178 etiam
1269 1142 1443 1177 locorum

100 1203 231 1252 prodit
263 1203 445 1240 notitiam
482 1214 519 1238 v.
558 1202 616 1239 12.
657 1203 715 1239 13.
770 1203 876 1246 Quin
902 1204 1119 1249 argumenti
1151 1202 1255 1239 fictio
1290 1204 1331 1238 et
1364 1203 1441 1238 tra—

100 1266 218 1302 ctatio
245 1263 435 1311 ejusmodi
462 1266 542 1313 est,
577 1265 622 1300 ut
656 1264 753 1301 haec
788 1265 922 1311 ecloga
948 1267 988 1300 et
1015 1263 1162 1300 nemini
1189 1263 1313 1309 magis
1340 1263 1443 1299 arri—

100 1326 192 1363 dere
219 1325 390 1374 potuerit
416 1336 531 1374 quam
558 1325 779 1362 Maecenati
814 1336 858 1362 ac
886 1326 952 1374 qui
987 1325 1028 1362 in
1056 1325 1139 1371 ejus
1168 1324 1282 1362 domo
1309 1335 1439 1362 versa-

98 1388 240 1425 bantur
265 1387 509 1436 hominibus,
537 1389 578 1423 et
602 1398 697 1423 vero
725 1387 843 1424 etiam
869 1387 1007 1424 horum
1034 1387 1280 1435 potissimum
1306 1386 1348 1421 in
1375 1385 1440 1422 de-

96 1449 344 1487 lectationem
369 1448 550 1485 videatur
575 1449 790 1496 composita
817 1460 916 1485 esse.
962 1449 1076 1485 Haud
1103 1448 1220 1485 dubie
1247 1447 1441 1484 obscoena

97 1511 229 1559 Priapi
257 1512 385 1547 statua
410 1520 548 1546 recens
577 1510 728 1558 sculpta
755 1513 795 1546 et
821 1510 950 1558 posita
987 1510 1216 1558 saepissime
1251 1509 1373 1546 risum
1399 1510 1440 1544 et

90 1573 223 1621 jocum
261 1573 437 1609 moverat
476 1581 631 1620 eorum,
674 1571 740 1618 qui
775 1582 956 1621 „aqyere
987 1573 1032 1608 in
1067 1574 1206 1618 aprico
1238 1567 1446 1617 spatiaris‘

96 1635 402 1683 consueverunt,
441 1632 620 1680 inprimis
656 1643 706 1668 ex
741 1643 817 1680 quo
852 1633 983 1668 virens
1011 1632 1138 1668 trunci
1171 1631 1318 1678 lignum
1353 1642 1436 1668 are-

97 1696 240 1734 scendo
265 1695 452 1732 rimosum
477 1694 560 1730 fieri
588 1694 718 1742 coepit
745 1695 784 1730 et
811 1693 998 1730 diffissum
1017 1696 1100 1730 erat
1119 1689 1334 1743 (VVieland.
1354 1694 1435 1728 not.

96 1757 166 1809 8.).
218 1757 314 1794 Inde
342 1756 503 1806 accidit,
530 1758 575 1792 ut
600 1755 786 1793 Horatius
813 1755 985 1792 omnium
1012 1755 1248 1791 dexterrime
1282 1753 1354 1789 hac
1374 1753 1436 1799 jo-

96 1820 210 1858 candi
238 1830 375 1856 caussa
400 1829 494 1854 usus
522 1820 562 1854 et
589 1817 686 1854 duos
713 1817 835 1853 veluti
862 1817 1032 1864 parietes
1060 1815 1108 1852 de
1136 1815 1274 1851 eadem
1307 1814 1436 1851 fidelia

96 1882 282 1919 dealbans
308 1882 392 1916 tum
421 1878 624 1916 Canidiam
651 1879 811 1925 ejusque
838 1877 1008 1923 magicas
1044 1878 1148 1913 artes
1183 1875 1368 1923 singulari
1395 1879 1436 1911 et

96 1943 254 1991 egregia
278 1941 439 1978 lascivia
472 1939 675 1989 irrideret,
710 1942 793 1975 tum
820 1939 868 1975 de
902 1949 1004 1975 novo
1038 1938 1239 1975 hortorum
1273 1937 1434 1975 custode

89 2004 281 2053 jocularia
306 2004 469 2050 fingeret
496 2013 566 2038 suo
592 2001 634 2038 in
661 2011 803 2047 genere
832 2000 986 2037 eximia.
1040 2001 1147 2037 Haec
1181 1999 1248 2048 qui
1274 2000 1433 2047 reputa-

93 2067 208 2116 verit,
235 2065 270 2102 is
297 2076 376 2102 non
403 2075 453 2101 ex
478 2075 579 2101 vano
604 2064 787 2099 haustum
804 2074 890 2099 esse
911 2061 1116 2111 ,iudicabit,
1145 2061 1249 2109 quod
1275 2060 1433 2098 satiram

95 2128 344 2166 corroborata
378 2126 533 2163 demum
558 2125 798 2162 Maecenatis
833 2127 874 2161 et
906 2124 1059 2162 Horatii
1098 2123 1269 2160 amicitia
1307 2124 1434 2159 ortam

95 2202 182 2228 esse
210 2189 304 2226 dixi.
358 2189 446 2226 Jam
482 2188 515 2224 si
542 2187 717 2236 proxime
745 2189 834 2235 post
867 2185 1166 2235 praecedentem
1201 2184 1346 2232 scripta
1371 2184 1432 2219 est

95 2276 145 2282 —
170 2252 213 2290 id
239 2250 344 2300 quod
370 2253 478 2287 aetas
514 2252 554 2286 et
588 2249 683 2286 ordo
724 2249 896 2298 priorum
936 2247 1100 2284 suadent
1131 2267 1182 2274 -—
1214 2245 1430 2293 referenda

95 2316 171 2353 eric
195 2316 251 2352 ad
277 2323 373 2350 αηη.
399 2323 440 2349 u.
467 2322 498 2349 c.
528 2312 632 2349 718.
667 2311 732 2347 vel
764 2311 814 2347 ad
847 2310 1002 2346 initium
1037 2308 1247 2356 sequentis.
1300 2308 1429 2354 Atque

97 2375 186 2413 huie
212 2375 456 2422 conjecturae
482 2373 627 2420 favent,
653 2382 753 2420 quae
780 2372 828 2408 de
855 2373 1052 2420 tempore,
1086 2380 1163 2418 quo
1189 2368 1427 2407 Maecenatis

98 2436 199 2474 horti
226 2440 266 2474 ct
292 2435 409 2474 aedes
437 2434 581 2471 conditi
609 2433 773 2483 fuerint,
809 2432 1005 2481 explorari
1039 2434 1213 2481 possunt.
1265 2432 1326 2468 De
1353 2440 1428 2477 qua

99 2509 141 2534 re
167 2498 222 2535 ita
247 2508 451 2547 quaeram,
486 2497 530 2532 ut
555 2495 768 2533 convellam
795 2495 907 2531 simul
934 2494 1139 2531 Kirchneri
1173 2491 1425 2540 computatio-

99 2569 199 2595 nem.
253 2560 290 2596 Is
317 2560 420 2596 enim
446 2559 488 2595 in
514 2559 663 2606 quaest.
700 2558 792 2594 Hor.
829 2556 865 2607 ξ.
903 2557 962 2593 34.
992 2568 1028 2604 p.
1068 2556 1125 2593 16.
1163 2555 1341 2603 satiram,
1377 2552 1424 2589 de
