1659 2948
704 192 981 233 —19—-

181 311 203 337 e
229 301 387 348 pectore
406 300 621 338 evomuerit
638 303 678 337 et
704 301 873 351 „jejunis
902 302 1082 340 dentibus
1102 305 1214 341 acer⁷'
1241 307 1424 355 tanquam
1450 320 1514 346 ve-

179 361 339 398 hemens
365 362 479 410 lupus
506 362 548 398 in
572 373 885 412 unumquemque
912 365 1097 402 audacter
1122 366 1297 404 invectus
1324 369 1366 406 in
1391 369 1514 407 homi-

176 432 270 460 num
294 424 401 460 vitiis
430 426 469 460 et
494 425 689 472 perversis
718 425 857 462 studiis
876 427 1013 464 acerbe
1040 428 1221 465 notandis
1248 430 1411 467 acerbae
1437 433 1513 468 for-

176 486 295 522 tunae
323 486 503 522 solatium
530 487 569 522 et
602 486 779 522 levamen
806 488 1042 533 quaesiverit
1060 488 1132 542 ⁵¹).
1175 491 1287 527 Hanc
1305 503 1398 528 vero
1423 504 1513 541 pro-

175 547 405 594 pensionem
447 547 498 583 ad
543 558 678 584 versus
725 547 966 598 fundendos,
1016 561 1115 597 quae
1153 550 1320 596 juvenili
1360 555 1512 591 fervore

175 603 260 660 (od.
290 608 326 657 l,
356 608 414 645 16.
444 609 505 646 22.
533 610 573 644 et
599 609 661 645 od.
689 609 726 658 3,
757 609 815 645 14.
844 606 928 661 27.)
966 610 1089 647 etiam
1125 612 1290 650 adaucta
1325 617 1405 664 est,
1433 627 1512 652 me-

173 669 250 705 rito
284 670 414 717 potuit
440 670 556 706 Floro
591 670 807 715 significare
842 671 1030 718 paulatim
1058 673 1274 710 evanuisse.
1326 676 1427 712 Nam
1452 677 1510 713 in-

172 731 279 777 genii
304 730 448 767 fetibus
475 730 690 766 claritatem
715 733 852 768 nactus
877 743 1225 781 aerumnarumque
1251 735 1373 772 veluti
1399 749 1511 785 prae-

171 792 292 828 mium
324 791 524 839 propriam
564 791 698 828 sedem
737 804 825 829 cum
862 793 944 829 vita
979 795 1019 829 et
1055 797 1159 830 sorte
1194 795 1363 833 humana
1398 799 1511 846 quasi

169 853 442 890 reconciliatus
483 854 568 889 erat
607 855 647 889 et
685 854 839 891 mitiore
880 854 1063 892 utebatur
1102 856 1231 892 animo
1271 859 1311 893 et
1346 858 1507 904 judicio.

168 913 305 963 Itaque
340 916 385 950 ut
417 914 529 951 miles
556 915 621 951 ille
649 916 889 964 recuperatis
920 927 1018 964 quae
1046 918 1274 965 perdiderat
1299 919 1413 956 bonis
1439 931 1509 957 no-

168 975 242 1012 luit
267 987 420 1013 rursum
447 976 608 1013 dubium
633 977 738 1014 vitae
767 977 976 1015 discrimen
1003 979 1134 1015 subire
1159 981 1335 1027 quamvis
1362 981 1510 1019 laturus

168 1038 398 1075 meritorum
432 1038 628 1086 praemia:
671 1039 727 1075 ita
761 1039 946 1076 Horatius
983 1051 1024 1076 se
1060 1041 1270 1078 abhorrere
1307 1043 1511 1080 confitetur

167 1101 251 1136 tum
277 1111 301 1136 a
326 1100 484 1136 Bioneis
514 1100 756 1137 sermonibus
792 1103 832 1137 et
867 1100 946 1137 sale
973 1101 1106 1151 nigro,
1143 1102 1283 1150 quibus
1311 1103 1510 1142 hominum

166 1161 266 1198 iram
305 1163 346 1198 et
384 1161 573 1198 invidiam
613 1162 740 1199 denuo
781 1163 857 1199 sibi
893 1164 1131 1199 conflaturus
1168 1164 1240 1213 sit,
1282 1166 1364 1200 tum
1397 1167 1510 1203 vela

167 1223 404 1260 carminibus
430 1224 588 1260 lusoriis
609 1223 838 1273 scribendis,
867 1225 970 1272 quod
990 1224 1110 1275 „anni
1138 1227 1275 1261 cuntes
1295 1225 1510 1274 eripuerint

160 1284 293 1335 J‘ocos,
321 1287 535 1335 Venerem,
565 1286 764 1335 convivia,
792 1285 969 1322 ludumf‘

264 1348 371 1384 Haec
399 1348 481 1384 sola
507 1347 582 1384 loci
599 1347 929 1394 famigeratissimi
963 1348 1258 1399 interpretatio,
1296 1360 1395 1397 quae
1426 1361 1507 1387 ma-

166 1418 286 1454 gnum
302 1409 481 1445 veritatis
499 1409 665 1446 fulcrum
683 1409 913 1457 adipiscitur
929 1409 1034 1459 inde,
1063 1410 1167 1457 quod
1183 1410 1337 1458 poetica
1353 1411 1507 1448 Horatii

164 1469 387 1505 rudimenta
413 1481 505 1505 vere
534 1481 732 1506 sermones
768 1473 808 1505 et
836 1470 990 1516 jambos
1022 1471 1142 1507 fuisse
1171 1473 1334 1521 scimus,
1370 1484 1506 1509 verum

165 1529 338 1566 ostendit
377 1529 606 1579 impulsum,
648 1541 725 1577 quo
763 1531 948 1567 Horatius
990 1531 1040 1567 ad
1078 1532 1218 1579 poesin
1255 1533 1506 1570 factitandam

163 1592 332 1640 primum
356 1590 493 1628 ductus
523 1593 593 1627 est.
649 1592 891 1638 Quamquam
910 1592 1002 1639 quid
1028 1589 1192 1638 loquor‘!
1246 1593 1503 1635 Quemadmo-

165 1654 257 1690 dum
282 1663 362 1689 non
387 1654 467 1689 tam
494 1654 615 1688 sames
635 1655 674 1689 et
701 1654 864 1689 externa
890 1653 1034 1702 inopia,
1067 1663 1183 1700 quam
1202 1653 1289 1701 ipsa
1315 1655 1381 1691 illa
1407 1657 1504 1693 fata-

162 1716 210 1752 lis
221 1714 378 1750 miseria
390 1716 429 1750 et
439 1714 581 1763 clades,
602 1714 741 1751 acerba
757 1715 872 1750 sortis
882 1714 1112 1751 vicissitudo
1123 1715 1290 1763 indeque
1302 1719 1416 1753 enata
1429 1718 1502 1754 sol-

162 1775 323 1814 licitudo
333 1787 377 1812 ac
388 1775 609 1824 desperatio
620 1776 825 1813 candidum
834 1777 986 1813 Horatii
997 1777 1165 1812 animum
1176 1780 1435 1826 pupugerunt,
1447 1779 1502 1814 fo-

165 1837 355 1887 dicarunt,
383 1837 685 1874 exacerbarunt:
712 1838 767 1874 ita
782 1848 1027 1885 nequaquam
1043 1840 1253 1885 paupertas
1272 1838 1337 1874 illa
1359 1838 1500 1889 audax,

252 1951 313 1991 51)
337 1950 388 1981 Cf.
413 1949 506 1990 epod.
530 1949 591 1988 13,
617 1949 647 1981 9.
693 1950 775 1981 Fide
799 1950 955 1991 Cyllenea
986 1949 1150 1981 Lex-are
1182 1951 1288 1981 diris
1323 1954 1501 1992 pectora

163 1995 552 2027 sollicitudinibus.
576 2010 620 2016 —
653 1995 722 2026 Sat.
748 1996 779 2033 2,
804 1995 836 2026 1.
862 1997 880 2025 5
906 2005 952 2034 sq.
992 1995 1044 2025 Ne
1068 1995 1201 2035 faciam,
1226 1996 1340 2036 inquis,
1366 1996 1500 2029 Omnino

162 2050 288 2072 versus.
319 2040 388 2080 Ajo.
420 2040 556 2070 Peream
588 2040 686 2078 male,
729 2041 755 2070 si
787 2049 849 2070 uon
874 2039 1035 2079 Optimum
1061 2043 1147 2077 erat,
1174 2050 1315 2072 verum
1338 2051 1500 2082 nequeo

162 2084 356 2116 dormire.
388 2084 428 2116 V.
451 2084 504 2117 10.
529 2086 585 2115 aut
624 2085 657 2116 si
698 2087 846 2116 tantus
885 2094 996 2116 amor
1035 2086 1256 2117 scribendi
1295 2089 1337 2118 te
1375 2087 1499 2128 rapit,

160 2131 246 2163 aude
269 2134 352 2162 caet.

160 2184 214 2206 ars
237 2178 324 2217 poet.
347 2174 424 2207 105.
470 2192 515 2197 -
536 2193 581 2197 -—-
606 2174 730 2206 Tristia
752 2177 909 2205 moestum

359 2219 489 2250 Vultum
513 2220 613 2251 verba
637 2220 762 2257 decent,
786 2220 902 2250 iratum
926 2219 1021 2259 plena
1044 2220 1209 2259 minarum,

360 2264 541 2295 Ludentem
564 2265 698 2302 lasciva,
723 2274 871 2295 severum
895 2265 983 2295 seria
1008 2264 1105 2295 dictu.

361 2309 492 2340 Format
516 2310 598 2340 enim
623 2313 739 2340 natura
763 2310 853 2350 prius
878 2319 935 2340 nos
959 2309 1046 2339 intus
1071 2309 1112 2340 ad
1136 2318 1258 2342 omnem

359 2354 573 2385 Fortunarum
596 2355 755 2392 habitum3
774 2355 869 2394 juvat
892 2357 948 2385 aut
971 2354 1104 2394 impellit
1126 2356 1168 2386 ad
1192 2356 1282 2394 iram,

361 2400 425 2430 Aut
447 2399 489 2429 ad
512 2399 637 2430 humum
660 2409 805 2430 moerore
829 2399 921 2439 gravi
946 2398 1078 2429 deducit
1102 2402 1134 2430 et
1157 2402 1266 2441 angit3

360 2444 441 2475 Post
465 2444 596 2475 effert
619 2444 747 2475 animi
771 2446 906 2474 motus
929 2443 1175 2485 interprete
1207 2446 1363 2485 lingua.

164 2484 252 2527 Virg.
276 2487 397 2529 Georg.
421 2488 453 2526 1,
476 2488 572 2520 145.:

359 2533 443 2564 Tum
465 2533 577 2564 variae
601 2543 720 2564 venere
743 2535 841 2570 artes,
865 2533 956 2564 labor
980 2534 1085 2564 omnia
1108 2534 1187 2565 vicit

361 2578 527 2618 improbus
552 2581 586 2610 et
609 2578 697 2610 duris
721 2587 839 2618 urgens
863 2578 895 2608 in
920 2578 1015 2609 rebus
1040 2582 1181 2618 egestas.

1167 2631 1223 2668 2*
