1643 2959
616 211 896 255 *143*

296 324 376 375 „Di
402 323 533 375 patrii,
560 323 761 370 Indigetes
788 325 828 360 et
853 322 1015 360 Romule
1042 323 1237 370 Vestaque
1264 324 1401 372 mater,

294 387 403 430 Quae
438 387 609 423 Tuscum
642 385 816 423 Tiberim
843 387 882 421 et
906 384 1081 422 Romana
1105 383 1254 421 Palatia
1279 394 1426 433 servas,

295 449 417 485 Hunc
440 449 589 485 saltem
615 458 753 485 everso
771 445 969 494 juvenem
995 456 1237 483 succurrere
1259 448 1394 483 saeclo

294 508 359 546 Ne
381 510 596 557 prohibete.
621 510 653 546 S
662 510 734 546 ati
742 520 763 545 s
781 507 892 555 jam
918 507 1071 557 pridem
1089 506 1275 554 sanguine
1293 508 1428 543 nostro

292 570 604 607 Laomedonteae
631 571 772 607 luimus
799 569 971 618 perjuria
997 568 1148 615 Trojae.

292 634 393 669 Jam
416 635 577 680 pridem
603 633 720 670 nobis
747 633 844 669 coeli
868 636 906 668 te
931 633 1066 681 νομέα,
1099 631 1262 680 Caesar,

292 695 464 743 Invidet,
479 699 598 743 alque
607 695 815 732 hominum
824 695 1006 744 queritur
1014 703 1162 730 curare
1169 691 1432 740 triumpltos.”

93 755 271 804 Denique
300 755 365 791 illa
391 755 477 802 ipsa
503 755 702 804 prodigia,
739 766 838 803 quae
864 754 976 792 brevi
1000 755 1092 802 post
1119 754 1296 791 Caesaris
1331 764 1432 790 mor·

93 821 174 854 tem
201 818 433 865 evenerant,
467 816 523 851 ita
549 816 729 852 omnibus
756 815 911 861 cognita
938 817 1049 851 erant
1081 817 1306 863 tantamque
1334 815 1433 851 cele-

91 878 274 915 britatem
311 879 439 926 nacta,
480 879 524 912 ut
551 888 574 912 a
601 876 727 924 poetis
754 876 857 912 illius
898 875 1038 912 aetatis
1065 876 1214 923 pariter
1240 878 1356 923 atque
1384 874 1432 910 ab

93 939 287 976 historicis
315 937 548 974 ereberrime
576 939 846 974 tractarentur.
876 938 922 973 cf.
952 936 1092 975 Tibull.
1122 936 1158 986 2,
1178 937 1212 973 5.
1229 936 1288 973 71.
1318 935 1432 973 Ovid.

92 1001 250 1038 Metam.
280 1000 340 1046 15,
368 999 453 1035 782.
505 999 582 1036 Dio
611 1000 718 1036 Cass.
748 999 817 1048 45,
847 999 928 1035 l7.:
976 996 1050 1044 »ἔκ
1075 1010 1116 1034 τε
1143 995 1219 1050 γὰρ
1254 997 1325 1035 τοῦ
1358 1010 1434 1035 πο-

90 1061 212 1110 λέμου
240 1057 280 1099 ἒν
300 1062 437 1112 χερσῖν
464 1058 576 1105 ὄντος
601 1061 667 1097 καῖ
693 1056 734 1097 ἐκ
759 1059 947 1110 τεράτων,
979 1057 1004 1096 ἃ
1032 1059 1205 1097 πλεῖστα
1232 1061 1297 1097 καῖ
1324 1056 1434 1104 ἔξαι-

92 1125 270 1162 σιιότατα
298 1119 487 1171 ἐγεγόνει,
523 1121 838 1172 ταρασσόμενοι,
868 1118 959 1158 οὐδὲ
985 1121 1053 1167 τῆς
1088 1117 1348 1172 ἀποφράδος,
1388 1117 1434 1158 τὸ

89 1182 144 1234 μὴ
170 1181 211 1222 ἐν
236 1181 398 1230 ἐκείναις
425 1182 643 1233 βουλεῦσαί
674 1197 712 1220 τι
738 1183 817 1220 τῶν
845 1185 1131 1233 συμφερόντων
1158 1184 1315 1233 σφίσιν,
1343 1182 1434 1219 ἁπέ-

90 1258 252 1298 σχοντο.
279 1247 464 1298 κεραυνοί
487 1258 528 1282 τε
554 1242 631 1296 γὰρ
659 1244 920 1293 παμπληθεῖς
946 1243 1108 1289 ἔπεσον,
1144 1246 1214 1280 καί
1240 1256 1339 1289 τινες
1366 1242 1435 1280 αὐ-

88 1309 168 1347 τῶν
193 1310 259 1346 καῖ
285 1304 324 1353 ἒς
350 1304 419 1344 τὸν
444 1303 541 1343 νεών
568 1303 635 1344 τὸν
661 1304 720 1357 τῷ
743 1305 823 1343 Διῒ
843 1304 900 1355 τῴ
915 1304 1184 1355 Καπιτωλίνῳ
1211 1301 1251 1341 ἒν
1276 1302 1336 1355 τῷ
1359 1304 1434 1342 Νι·-

89 1374 189 1420 καῖῳ
218 1368 312 1407 ὄντα
329 1369 591 1419 κατέσκηψαν.
618 1390 671 1396 -
695 1369 777 1405 καὶ
803 1365 954 1417 ἰχθῦς
980 1363 1030 1404 ἐκ
1056 1364 1139 1414 τῆς
1165 1366 1434 1413 θαλάσσης

92 1430 356 1480 ἀμύθητοι
399 1428 521 1467 κατὰ
571 1427 657 1476 τὰς
696 1429 781 1467 τοῦ
825 1425 1098 1480 Τιβέριδος
1146 1425 1356 1478 ἐκβολὰς
1390 1424 1436 1474 ἐς

92 1491 175 1541 τὴν
201 1491 369 1545 ἤπειρον
395 1488 620 1538 ἔξὲπεσον.”
648 1492 693 1528 cf.
715 1491 793 1528 Dio
822 1492 928 1528 Cass.
951 1491 1012 1540 46,
1028 1491 1088 1527 33.
1108 1491 1207 1527 Plut.
1223 1490 1300 1527 Jul.
1321 1491 1432 1528 Caes.

91 1567 128 1604 p.
158 1554 244 1592 740.
273 1555 372 1592 Plin.
402 1554 439 1589 h.
469 1564 507 1590 n.
537 1553 574 1602 2,
603 1554 663 1589 30.
717 1554 920 1601 Nusquam
947 1551 1105 1600 quidem
1139 1553 1263 1589 fateor
1289 1563 1434 1588 memo-

89 1619 199 1654 ratur
225 1616 379 1653 Tiberis
406 1614 624 1664 inundatio,
655 1625 752 1662 quae
781 1625 869 1651 ann.
900 1614 985 1651 710.
1015 1616 1082 1650 ant
1109 1614 1194 1650 711.
1224 1614 1355 1663 fuerit,
1384 1613 1433 1650 ab

90 1678 302 1715 historicis.
366 1677 530 1724 Solaque
571 1676 685 1723 hujus
726 1676 783 1713 rei
821 1676 915 1713 fides
956 1686 1078 1725 penes
1118 1676 1321 1712 Scholiast.
1362 1677 1433 1711 est.

90 1741 226 1788 Neque
253 1743 386 1776 tamen
415 1750 482 1775 eos
510 1740 746 1776 commentos
775 1750 861 1775 esse
891 1750 937 1774 ea
965 1748 1064 1786 quae
1079 1737 1238 1775 tradunt
1253 1737 1433 1788 dixerim,

93 1804 136 1838 ut
163 1802 230 1849 qui
257 1801 362 1838 haud
390 1800 505 1837 dubie
534 1801 818 1849 antiquioribus
854 1800 964 1837 libris
1000 1802 1215 1837 uterentur.
1270 1801 1321 1838 Et
1348 1811 1435 1838 cum

92 1863 139 1900 de
166 1863 322 1901 Tiberis
358 1863 702 1913 inundationibus,
738 1874 837 1910 quae
873 1873 961 1899 ann.
991 1863 1076 1898 727.
1114 1865 1153 1899 et
1188 1862 1272 1900 732.
1310 1864 1435 1900 factae

92 1927 195 1975 sunt,
222 1927 393 1972 nequeat
419 1925 583 1970 eogitari
607 1945 658 1952 —-
684 1926 728 1960 ut
754 1925 854 1960 infra
880 1923 1120 1960 videbimus:
1156 1935 1202 1961 eo
1237 1924 1434 1962 lubentius

92 1987 394 2023 Scholiastarum
421 1986 633 2034 amplector
660 1985 907 2035 sententiam,
935 1996 1011 2033 quo
1037 1985 1168 2022 verius
1194 1986 1253 2022 illi
1279 1997 1435 2023 carmen

91 2059 170 2084 non
196 2059 267 2096 per
294 2059 381 2085 ann.
412 2048 497 2084 710.
528 2047 610 2097 11.,
649 2047 717 2084 sed
753 2050 841 2095 post
877 2047 977 2084 bella
1005 2048 1135 2084 civilia
1162 2047 1317 2084 demum
1344 2059 1435 2085 exa·

92 2111 220 2146 ratum
256 2121 342 2146 esse
374 2109 666 2156 judicaverunt.
733 2109 794 2145 lta
830 2109 933 2146 enim
968 2109 1092 2146 Schol.
1128 2110 1274 2158 Porph.
1311 2109 1362 2146 ad
1395 2121 1432 2146 v.

92 2171 175 2208 30.:
204 2172 455 2221 „Conversus
484 2171 534 2207 ad
560 2171 796 2222 Apollinem,
825 2172 892 2220 qui
909 2171 1072 2209 Actiaco
1098 2171 1202 2208 bello
1219 2171 1434 2210 Antonium

93 2233 301 2281 oppressit.
329 2234 436 2280 Virg.
464 2229 584 2286 (Aen.
613 2233 658 2284 8,
688 2230 816 2287 704.):
852 2235 968 2272 Haec
993 2245 1165 2272 cernens
1193 2245 1337 2272 arcum
1362 2237 1432 2272 in-

94 2296 283 2333 tendebat
307 2294 490 2343 Αροῖῐο.υ
527 2298 567 2332 et
592 2296 686 2332 ibid.
724 2296 850 2333 Schol.
892 2297 1034 2346 Crat)..-
1071 2295 1349 2346 „Convertitur
1383 2295 1433 2333 ad

93 2356 314 2403 Apollinem
340 2357 382 2393 in
408 2357 573 2403 gratiam
598 2358 778 2404 Augusti.
832 2358 870 2395 Is
899 2359 1003 2395 enim
1037 2357 1138 2395 bello
1164 2358 1325 2395 Actiaco
1352 2359 1432 2395 An-

94 2417 244 2454 tonium
269 2419 504 2467 oppressit.“'

192 2479 401 2527 Pergamus
429 2481 480 2517 ad
505 2481 667 2528 reliqua.
719 2481 766 2517 In
792 2482 866 2518 fine
894 2482 1075 2519 carminis
1101 2482 1285 2530 leguntur
1311 2484 1429 2519 haec:

216 2533 219 2536 Δ
294 2543 410 2579 Serus
436 2543 478 2579 in
505 2543 654 2579 caelum
680 2542 839 2593 redeas,
870 2544 1013 2592 diuque

292 2602 437 2641 Laetus
464 2604 621 2642 intersis
649 2605 795 2654 populo
824 2606 992 2655 Quirini,
