1643 2959
629 180 908 224 -175—

104 291 199 333 lium
223 290 482 330 desultorem'²
509 291 679 344 diceret,
715 293 858 342 quippe
892 291 959 341 qui
985 301 1008 329 a
1030 289 1231 330 Dolabella
1256 291 1306 331 ad
1331 293 1423 331 Cas-

103 353 225 404 sium,
252 365 276 391 a
303 354 437 393 Cassio
470 353 521 391 ad
553 355 765 392 Antonium
797 356 913 402 atque
947 352 997 390 ab
1029 353 1104 391 hoc
1136 351 1187 391 ad
1219 353 1426 392 Gaesarem

103 414 332 466 desciverit,
366 417 558 453 referente
593 416 740 454 Seneca
765 416 873 453 Suas.
901 415 941 465 I,
968 415 1004 452 6.
1055 414 1164 452 Idem
1199 414 1425 464 Cleopatrae

101 476 270 525 primum
294 477 510 528 persuasit,
544 479 588 513 ut
620 478 671 515 ad
703 477 917 514 Antonium
950 476 1101 512 veniret
1127 471 1254 528 (Plut.
1280 477 1425 514 Anton.

100 548 141 587 p.
168 538 254 575 926.
283 549 365 587 cap.
393 534 511 589 25.),
538 537 608 574 sed
631 538 717 587 ipse
743 538 794 575 ad
822 538 1077 575 Octavianum
1102 537 1257 574 transiit
1282 548 1317 574 a.
1338 538 1423 574 723.

104 596 201 652 (Dio
227 600 290 650 50,
318 601 376 636 13.
398 601 437 636 et
454 599 515 636 23.
541 599 675 647 Vellej.
698 599 736 649 2,
762 599 822 637 84.
839 610 889 636 ex
907 598 1177 635 emendatione
1195 598 1321 647 Lipsii
1345 599 1428 647 pal-

101 661 224 699 maria
257 656 405 713 sane).
465 660 629 698 Videtur
669 661 875 698 historicus
909 662 1029 698 fuisse
1058 656 1185 713 (Plut.
1216 661 1359 697 Anton.
1387 672 1426 708 p.

101 723 187 759 943.
222 733 306 770 cap.
341 717 446 774 59.).
504 721 605 758 Nam
640 722 796 769 scripsit
828 722 1046 759 Parthicam
1087 722 1289 758 historiam
1327 724 1429 758 teste

101 783 288 820 Strabone
318 782 386 819 lib.
417 781 488 820 XI.
522 792 562 829 p.
597 781 682 818 523.
710 777 787 833 (ὥς
820 792 939 833 φησιν
971 781 992 819 ὁ
1018 782 1185 829 Δέλλιος
1213 779 1429 834 [Mendose

99 844 193 880 olim
211 839 442 896 Ἀδὲλφιος]
472 840 493 878 ὁ
518 841 590 879 τοῦ
608 840 827 879 Ἀντωνίου
855 842 984 892 φίλος,
1012 842 1249 894 συγγράψας
1270 841 1338 890 τὴν
1364 840 1429 880 ἐπὶ

98 903 366 956 Παρθυαίους
391 904 601 955 στρατείαν
625 900 767 950 αὐτοῦ,
794 899 834 940 ἒν
859 898 1032 953 ᾗπαρῆν
1047 904 1114 940 καὶ
1139 901 1258 949 αὐτὸς
1281 903 1429 953 ἡγεμο-

98 967 186 1003 νίαν
210 960 354 1018 ἔχων.)
406 965 500 1002 Jure
525 966 656 1001 tamen
689 976 777 1001 cum
811 965 1037 1012 Torrentio,
1071 965 1207 1014 Jam'O,
1233 965 1427 1003 Vanderb.

99 1026 262 1075 aliisque
290 1026 465 1076 dubites,
491 1036 585 1062 num
609 1025 715 1062 idem
740 1026 877 1076 fuerit,
906 1037 1021 1074 quem
1045 1026 1122 1063 Dio
1141 1027 1248 1064 Cass.
1276 1027 1337 1076 49,
1366 1028 1427 1064 39.

98 1088 261 1126 Antonii
294 1088 386 1125 olim
419 1087 615 1124 exoletum
648 1087 768 1124 fuisse
800 1090 953 1137 narrat,
994 1098 1225 1135 quamquam
1265 1087 1426 1137 interpr.

97 1150 122 1187 1.
148 1149 173 1186 l.
202 1145 346 1199 (Sturz.
373 1149 448 1186 vol.
475 1150 520 1187 V.
547 1160 585 1197 p.
613 1149 699 1186 605.
725 1159 765 1186 n.
795 1144 902 1202 185.)
927 1159 1047 1185 unum
1074 1149 1314 1197 eundemque
1339 1150 1427 1187 ubi-

99 1211 159 1247 vis
186 1210 419 1257 intelligunt.
446 1231 498 1238 —
545 1211 643 1247 Utut
674 1211 748 1247 hoc
785 1213 864 1261 est,
894 1211 1044 1248 Dellius
1070 1211 1156 1259 ille,
1195 1221 1427 1258 quamquam

100 1271 306 1309 Octaviani
331 1272 456 1318 gratia
482 1273 521 1308 et
545 1272 678 1308 favore
712 1273 858 1309 fructus
893 1273 952 1308 est
986 1274 1101 1319 atque
1127 1271 1265 1319 opibus
1294 1273 1426 1323 valuit,

98 1335 230 1370 tamen
254 1332 451 1381 praesenti
475 1343 605 1369 rerum
622 1333 836 1370 conditioni
862 1332 1008 1369 diffisus
1032 1344 1168 1381 parum
1186 1336 1427 1371 constantem

100 1405 186 1431 sese
212 1393 455 1442 praestitisse
481 1393 646 1431 videtur.
697 1394 799 1431 Hinc
823 1396 961 1443 poeta,
994 1396 1065 1443 qui
1094 1393 1268 1440 fortasse
1299 1396 1428 1434 Bruto

98 1457 201 1494 duce
235 1466 327 1493 cum
361 1465 406 1492 eo
431 1456 635 1504 militavit,
670 1466 826 1492 auream
861 1456 896 1492 ei
931 1455 1238 1493 mediocritatem
1270 1457 1313 1492 in
1346 1457 1427 1494 vita

97 1516 261 1553 fruenda
294 1516 557 1565 commendat,
592 1518 724 1553 forsan
758 1528 793 1555 a.
828 1517 936 1566 725.‚
971 1528 1048 1565 quo
1081 1517 1186 1554 idem
1212 1518 1334 1554 suasit
1359 1529 1426 1554 va-

98 1577 244 1614 cillanti
275 1576 320 1614 L.
357 1576 484 1613 Sestio
518 1577 559 1613 in
594 1578 656 1614 od.
694 1579 736 1627 1,
773 1578 809 1615 4.
835 1599 886 1606 —
916 1578 1074 1615 Kirchn.
1110 1579 1187 1616 tab.
1221 1579 1301 1616 chr.
1337 1579 1423 1616 725.

98 1640 244 1676 Grotef.
271 1649 309 1687 p.
339 1638 423 1675 470.
449 1637 486 1674 b.
514 1638 598 1676 727.
626 1639 672 1676 cf.
700 1639 855 1677 Passov.
880 1641 961 1676 not.
990 1639 1074 1676 101.

198 1760 423 1798 Certissima
449 1764 509 1798 est
535 1764 642 1799 aetas
670 1762 955 1799 CARMINIS
981 1762 1061 1798 lv.
1094 1763 1188 1813 „Ne
1210 1764 1263 1800 sic
1289 1764 1423 1800 ancil-

96 1822 202 1872 lae”,
228 1824 272 1859 ut
298 1822 401 1870 quod
426 1825 543 1870 poeta
569 1826 706 1861 octavo
733 1825 837 1861 vitae
871 1825 993 1861 lustro
1028 1826 1144 1861 modo
1175 1824 1305 1860 clauso
1331 1835 1424 1872 qua-

97 1883 345 1930 dragenarius
372 1884 465 1921 lusit
492 1888 658 1921 exeunte
685 1896 718 1921 a.
745 1886 829 1922 729.
864 1885 927 1922 vel
957 1884 1068 1922 initio
1094 1896 1128 1924 a.
1154 1885 1262 1935 730„
1288 1887 1332 1922 ut
1355 1896 1424 1934 pa-

96 1946 154 1982 tet
180 1955 201 1982 e
227 1945 321 1982 fine:

493 2030 544 2036 —
566 2006 665 2056 Γηρᾶ
687 2009 902 2058 suspicari,

301 2067 428 2116 Cujus
454 2075 642 2107 octavum
668 2072 955 2118 trepidavit
981 2076 1093 2110 aetas

578 2133 776 2169 claudere
800 2134 984 2170 lustrum.

96 2191 158 2227 De
190 2190 311 2227 lustro
344 2194 643 2242 quinquennali
675 2205 711 2230 v.
749 2193 861 2231 Ovid.
899 2194 945 2230 de
972 2193 1084 2231 Pont.
1120 2195 1164 2245 4,
1200 2195 1234 2233 6.
1261 2195 1296 2243 5.
1322 2197 1361 2232 et
1385 2196 1421 2233 6.

96 2251 228 2288 Adisis
262 2252 431 2290 Masson.
466 2255 534 2292 vit.
571 2266 608 2302 p.
642 2254 751 2306 216.‚
795 2255 951 2292 Kirchn.
989 2257 1136 2303 quaest.
1168 2266 1206 2304 p.
1239 2256 1274 2294 5.
1309 2253 1345 2307 ξ.
1371 2257 1421 2307 9.,

99 2312 242 2350 Grotef.
268 2325 304 2362 p.
331 2315 415 2351 471.
444 2327 499 2365 a.,
526 2317 724 2353 Eichstad.
752 2317 884 2365 parad.
899 2329 933 2365 q.
952 2317 1085 2354 Horat.
1112 2316 1251 2355 iterum
1267 2329 1422 2366 propOS.

98 2368 250 2424 (Jenae.
286 2374 416 2428 1832.)
445 2380 483 2412 et
511 2377 632 2414 diurn.
670 2378 850 2414 scholast.
875 2378 1094 2415 Darmstad.
1123 2378 1231 2416 1833.
1261 2381 1352 2415 sect.
1371 2378 1420 2415 Π.

98 2434 167 2470 sse.
191 2435 273 2481 146.
297 2448 334 2486 p.
364 2439 460 2475 1166
477 2462 527 2467 —
541 2439 599 2476 68.
619 2460 670 2467 —
694 2439 814 2476 Recte
833 2439 1044 2487 Porphyr.:
1071 2440 1238 2490 „Aetate
1257 2439 1421 2488 quadra-

98 2494 205 2540 ginta
229 2499 366 2537 aetatis
392 2511 513 2537 annos
549 2513 591 2538 se
625 2501 841 2537 excessisse
875 2500 1053 2538 ostendit.
1104 2502 1201 2539 Octo
1235 2501 1337 2537 enim
1360 2501 1419 2538 lu-

99 2557 200 2607 stra,
225 2559 313 2597 octo
335 2561 620 2613 quinquennia,
647 2562 901 2612 quadraginta
918 2573 1038 2600 annos
1057 2563 1201 2601 scilicet
1226 2561 1416 2601 claudunt.
