<?xml version="1.0" encoding="UTF-8"?>
<!DOCTYPE html PUBLIC "-//W3C//DTD XHTML 1.0 Transitional//EN"
    "http://www.w3.org/TR/xhtml1/DTD/xhtml1-transitional.dtd">
<html xmlns="http://www.w3.org/1999/xhtml" xml:lang="en" lang="en">
 <head>
  <title>
</title>
<meta http-equiv="Content-Type" content="text/html;charset=utf-8" />
  <meta name='ocr-system' content='tesseract 3.04.00' />
  <meta name='ocr-capabilities' content='ocr_page ocr_carea ocr_par ocr_line ocrx_word'/>
</head>
<body>
  <div class='ocr_page' id='page_1' title='image "./fastihoratianiac00franuoft_0030.png"; bbox 0 0 1659 2948; ppageno 0'>
   <div class='ocr_carea' id='block_1_1' title="bbox 693 251 977 292">
    <p class='ocr_par' dir='ltr' id='par_1_1' title="bbox 693 251 977 292">
     <span class='ocr_line' id='line_1_1' title="bbox 693 251 977 292; baseline -0.004 -13"><span class='ocrx_word' id='word_1_1' title='bbox 693 251 977 292; x_wconf 69' lang='lat'><strong>-22-</strong></span> 
     </span>
    </p>
   </div>
   <div class='ocr_carea' id='block_1_2' title="bbox 166 358 1501 1817">
    <p class='ocr_par' dir='ltr' id='par_1_2' title="bbox 166 358 1501 1817">
     <span class='ocr_line' id='line_1_2' title="bbox 175 358 1499 410; baseline 0.002 -16"><span class='ocrx_word' id='word_1_2' title='bbox 175 358 355 406; x_wconf 78' lang='lat' dir='ltr'>progredi</span> <span class='ocrx_word' id='word_1_3' title='bbox 378 359 470 396; x_wconf 88' lang='lat' dir='ltr'>licet</span> <span class='ocrx_word' id='word_1_4' title='bbox 496 362 536 395; x_wconf 88' lang='lat' dir='ltr'>et</span> <span class='ocrx_word' id='word_1_5' title='bbox 567 358 680 407; x_wconf 91' lang='lat' dir='ltr'>inde,</span> <span class='ocrx_word' id='word_1_6' title='bbox 715 358 821 405; x_wconf 91' lang='lat' dir='ltr'>quod</span> <span class='ocrx_word' id='word_1_7' title='bbox 855 360 894 393; x_wconf 83' lang='lat' dir='ltr'>et</span> <span class='ocrx_word' id='word_1_8' title='bbox 927 358 1005 394; x_wconf 83' lang='lat' dir='ltr'>Sat.</span> <span class='ocrx_word' id='word_1_9' title='bbox 1035 359 1070 407; x_wconf 83' lang='grc'>1,</span> <span class='ocrx_word' id='word_1_10' title='bbox 1097 359 1131 394; x_wconf 91' lang='grc'>4.</span> <span class='ocrx_word' id='word_1_11' title='bbox 1160 362 1200 395; x_wconf 89' lang='lat' dir='ltr'>et</span> <span class='ocrx_word' id='word_1_12' title='bbox 1226 360 1262 410; x_wconf 95' lang='lat' dir='ltr'>l,</span> <span class='ocrx_word' id='word_1_13' title='bbox 1290 360 1348 397; x_wconf 91' lang='lat'>10.</span> <span class='ocrx_word' id='word_1_14' title='bbox 1375 370 1499 397; x_wconf 85' lang='lat' dir='ltr'>novae</span> 
     </span>
     <span class='ocr_line' id='line_1_3' title="bbox 173 418 1499 468; baseline 0 -12"><span class='ocrx_word' id='word_1_15' title='bbox 173 420 303 468; x_wconf 89' lang='lat' dir='ltr'>poesis</span> <span class='ocrx_word' id='word_1_16' title='bbox 351 420 614 457; x_wconf 81' lang='lat' dir='ltr'>defensionem</span> <span class='ocrx_word' id='word_1_17' title='bbox 657 420 848 467; x_wconf 89' lang='lat' dir='ltr'>continet,</span> <span class='ocrx_word' id='word_1_18' title='bbox 904 420 1066 465; x_wconf 87' lang='lat' dir='ltr'>utraque</span> <span class='ocrx_word' id='word_1_19' title='bbox 1117 418 1236 464; x_wconf 79' lang='lat' dir='ltr'>igitur</span> <span class='ocrx_word' id='word_1_20' title='bbox 1283 421 1499 468; x_wconf 87' lang='lat' dir='ltr'>posteriore</span> 
     </span>
     <span class='ocr_line' id='line_1_4' title="bbox 172 479 1500 529; baseline 0 -11"><span class='ocrx_word' id='word_1_21' title='bbox 172 483 346 529; x_wconf 87' lang='lat' dir='ltr'>tempore</span> <span class='ocrx_word' id='word_1_22' title='bbox 373 480 584 528; x_wconf 87' lang='lat' dir='ltr'>composita</span> <span class='ocrx_word' id='word_1_23' title='bbox 610 491 695 515; x_wconf 83' lang='lat' dir='ltr'>esse</span> <span class='ocrx_word' id='word_1_24' title='bbox 714 479 829 515; x_wconf 88' lang='lat' dir='ltr'>debet</span> <span class='ocrx_word' id='word_1_25' title='bbox 847 490 961 527; x_wconf 92' lang='lat' dir='ltr'>quam</span> <span class='ocrx_word' id='word_1_26' title='bbox 987 479 1107 528; x_wconf 88' lang='lat' dir='ltr'>aliae,</span> <span class='ocrx_word' id='word_1_27' title='bbox 1136 481 1175 515; x_wconf 86' lang='lat' dir='ltr'>et</span> <span class='ocrx_word' id='word_1_28' title='bbox 1192 482 1329 527; x_wconf 85' lang='lat' dir='ltr'>quarta</span> <span class='ocrx_word' id='word_1_29' title='bbox 1344 483 1500 529; x_wconf 88' lang='lat' dir='ltr'>quidem</span> 
     </span>
     <span class='ocr_line' id='line_1_5' title="bbox 172 535 1498 594; baseline 0.001 -15"><span class='ocrx_word' id='word_1_30' title='bbox 172 543 391 579; x_wconf 87' lang='lat' dir='ltr'>necessario</span> <span class='ocrx_word' id='word_1_31' title='bbox 417 542 506 589; x_wconf 87' lang='lat' dir='ltr'>post</span> <span class='ocrx_word' id='word_1_32' title='bbox 533 540 740 576; x_wconf 86' lang='lat' dir='ltr'>secundam</span> <span class='ocrx_word' id='word_1_33' title='bbox 767 535 854 592; x_wconf 88' lang='lat' dir='ltr'>(cll.</span> <span class='ocrx_word' id='word_1_34' title='bbox 885 541 920 589; x_wconf 92' lang='lat'>1,</span> <span class='ocrx_word' id='word_1_35' title='bbox 948 541 982 577; x_wconf 86' lang='lat'>2.</span> <span class='ocrx_word' id='word_1_36' title='bbox 1011 540 1070 576; x_wconf 84' lang='lat'>27.</span> <span class='ocrx_word' id='word_1_37' title='bbox 1100 542 1139 576; x_wconf 85' lang='lat' dir='ltr'>et</span> <span class='ocrx_word' id='word_1_38' title='bbox 1165 541 1201 590; x_wconf 90' lang='lat'>1,</span> <span class='ocrx_word' id='word_1_39' title='bbox 1229 541 1263 577; x_wconf 87' lang='lat'>4.</span> <span class='ocrx_word' id='word_1_40' title='bbox 1291 538 1405 594; x_wconf 84' lang='lat'>91.)‚</span> <span class='ocrx_word' id='word_1_41' title='bbox 1433 543 1498 580; x_wconf 89' lang='lat' dir='ltr'>de-</span> 
     </span>
     <span class='ocr_line' id='line_1_6' title="bbox 173 596 1500 675; baseline 0.001 -36"><span class='ocrx_word' id='word_1_42' title='bbox 173 603 272 639; x_wconf 88' lang='lat' dir='ltr'>cima</span> <span class='ocrx_word' id='word_1_43' title='bbox 305 613 436 639; x_wconf 85' lang='lat' dir='ltr'>rursus</span> <span class='ocrx_word' id='word_1_44' title='bbox 472 603 560 675; x_wconf 62' lang='lat' dir='ltr'>post</span> <span class='ocrx_word' id='word_1_45' title='bbox 587 603 763 649; x_wconf 82' lang='lat' dir='ltr'><strong>quartam</strong></span> <span class='ocrx_word' id='word_1_46' title='bbox 789 596 877 653; x_wconf 91' lang='lat' dir='ltr'>(cll.</span> <span class='ocrx_word' id='word_1_47' title='bbox 908 602 943 650; x_wconf 94' lang='lat'>1,</span> <span class='ocrx_word' id='word_1_48' title='bbox 972 602 1006 639; x_wconf 89' lang='lat'>4.</span> <span class='ocrx_word' id='word_1_49' title='bbox 1034 601 1057 636; x_wconf 90' lang='grc'><strong>6</strong></span> <span class='ocrx_word' id='word_1_50' title='bbox 1085 611 1140 648; x_wconf 84' lang='lat' dir='ltr'>sq.</span> <span class='ocrx_word' id='word_1_51' title='bbox 1170 603 1210 637; x_wconf 87' lang='lat' dir='ltr'>et</span> <span class='ocrx_word' id='word_1_52' title='bbox 1237 602 1297 651; x_wconf 85' lang='lat'>10,</span> <span class='ocrx_word' id='word_1_53' title='bbox 1326 603 1345 639; x_wconf 94' lang='lat'>1</span> <span class='ocrx_word' id='word_1_54' title='bbox 1375 614 1431 651; x_wconf 89' lang='lat' dir='ltr'>sq.</span> <span class='ocrx_word' id='word_1_55' title='bbox 1460 606 1500 640; x_wconf 82' lang='lat' dir='ltr'>et</span> 
     </span>
     <span class='ocr_line' id='line_1_7' title="bbox 171 650 1499 713; baseline 0.002 -14"><span class='ocrx_word' id='word_1_56' title='bbox 171 664 231 700; x_wconf 89' lang='lat'>50.</span> <span class='ocrx_word' id='word_1_57' title='bbox 260 661 359 713; x_wconf 82' lang='lat' dir='ltr'>sq.),</span> <span class='ocrx_word' id='word_1_58' title='bbox 385 664 467 699; x_wconf 89' lang='lat' dir='ltr'>tum</span> <span class='ocrx_word' id='word_1_59' title='bbox 488 650 596 710; x_wconf 56' lang='lat' dir='ltr'>iiiiod</span> <span class='ocrx_word' id='word_1_60' title='bbox 623 663 771 699; x_wconf 86' lang='lat' dir='ltr'>decima</span> <span class='ocrx_word' id='word_1_61' title='bbox 796 663 915 699; x_wconf 87' lang='lat' dir='ltr'>totius</span> <span class='ocrx_word' id='word_1_62' title='bbox 949 662 1039 698; x_wconf 87' lang='lat' dir='ltr'>libri</span> <span class='ocrx_word' id='word_1_63' title='bbox 1066 662 1239 710; x_wconf 86' lang='lat' dir='ltr'>epilogus</span> <span class='ocrx_word' id='word_1_64' title='bbox 1267 665 1346 713; x_wconf 82' lang='lat' dir='ltr'>est,</span> <span class='ocrx_word' id='word_1_65' title='bbox 1374 665 1499 712; x_wconf 86' lang='lat' dir='ltr'>suspi-</span> 
     </span>
     <span class='ocr_line' id='line_1_8' title="bbox 171 724 1500 772; baseline 0.002 -13"><span class='ocrx_word' id='word_1_66' title='bbox 171 724 270 772; x_wconf 90' lang='lat' dir='ltr'>cari,</span> <span class='ocrx_word' id='word_1_67' title='bbox 297 725 501 760; x_wconf 83' lang='lat' dir='ltr'><strong>Horatium</strong></span> <span class='ocrx_word' id='word_1_68' title='bbox 527 736 613 761; x_wconf 86' lang='lat' dir='ltr'>cum</span> <span class='ocrx_word' id='word_1_69' title='bbox 631 725 857 761; x_wconf 88' lang='lat' dir='ltr'>Sermonum</span> <span class='ocrx_word' id='word_1_70' title='bbox 873 724 1053 760; x_wconf 87' lang='lat' dir='ltr'>volumen</span> <span class='ocrx_word' id='word_1_71' title='bbox 1079 724 1246 771; x_wconf 90' lang='lat' dir='ltr'>primum</span> <span class='ocrx_word' id='word_1_72' title='bbox 1271 727 1405 762; x_wconf 82' lang='lat' dir='ltr'>ederet</span> <span class='ocrx_word' id='word_1_73' title='bbox 1427 735 1500 761; x_wconf 79' lang='lat' dir='ltr'>nec</span> 
     </span>
     <span class='ocr_line' id='line_1_9' title="bbox 169 784 1501 835; baseline 0.002 -15"><span class='ocrx_word' id='word_1_74' title='bbox 169 784 212 820; x_wconf 93' lang='lat' dir='ltr'>in</span> <span class='ocrx_word' id='word_1_75' title='bbox 255 785 415 831; x_wconf 82' lang='lat' dir='ltr'>lyricam</span> <span class='ocrx_word' id='word_1_76' title='bbox 458 786 594 834; x_wconf 84' lang='lat' dir='ltr'>poesin</span> <span class='ocrx_word' id='word_1_77' title='bbox 633 786 877 835; x_wconf 80' lang='lat' dir='ltr'>incubuisse,</span> <span class='ocrx_word' id='word_1_78' title='bbox 925 785 1089 822; x_wconf 84' lang='lat' dir='ltr'>necdum</span> <span class='ocrx_word' id='word_1_79' title='bbox 1131 786 1284 834; x_wconf 89' lang='lat' dir='ltr'>epodon</span> <span class='ocrx_word' id='word_1_80' title='bbox 1326 786 1501 832; x_wconf 86' lang='lat' dir='ltr'>syllogen</span> 
     </span>
     <span class='ocr_line' id='line_1_10' title="bbox 171 846 1501 897; baseline 0.002 -16"><span class='ocrx_word' id='word_1_81' title='bbox 171 846 393 883; x_wconf 87' lang='lat' dir='ltr'>confecisse.</span> <span class='ocrx_word' id='word_1_82' title='bbox 448 848 658 890; x_wconf 86' lang='lat' dir='ltr'>Quaerenti</span> <span class='ocrx_word' id='word_1_83' title='bbox 682 858 775 883; x_wconf 81' lang='lat' dir='ltr'>vero</span> <span class='ocrx_word' id='word_1_84' title='bbox 793 847 902 897; x_wconf 89' lang='lat' dir='ltr'>mihi,</span> <span class='ocrx_word' id='word_1_85' title='bbox 931 857 1005 894; x_wconf 91' lang='lat' dir='ltr'>quo</span> <span class='ocrx_word' id='word_1_86' title='bbox 1032 847 1185 884; x_wconf 87' lang='lat' dir='ltr'>circiter</span> <span class='ocrx_word' id='word_1_87' title='bbox 1202 849 1375 895; x_wconf 87' lang='lat' dir='ltr'>tempore</span> <span class='ocrx_word' id='word_1_88' title='bbox 1400 847 1501 884; x_wconf 90' lang='lat' dir='ltr'>liber</span> 
     </span>
     <span class='ocr_line' id='line_1_11' title="bbox 169 907 1499 958; baseline 0.001 -15"><span class='ocrx_word' id='word_1_89' title='bbox 169 907 316 955; x_wconf 91' lang='lat' dir='ltr'>primus</span> <span class='ocrx_word' id='word_1_90' title='bbox 344 909 583 957; x_wconf 74' lang='lat' dir='ltr'>Sermonum,</span> <span class='ocrx_word' id='word_1_91' title='bbox 613 909 692 958; x_wconf 91' lang='lat' dir='ltr'>qui,</span> <span class='ocrx_word' id='word_1_92' title='bbox 721 911 928 956; x_wconf 85' lang='lat' dir='ltr'>antequam</span> <span class='ocrx_word' id='word_1_93' title='bbox 955 908 1187 954; x_wconf 87' lang='lat' dir='ltr'>conjunctim</span> <span class='ocrx_word' id='word_1_94' title='bbox 1213 909 1499 958; x_wconf 82' lang='lat' dir='ltr'>evulgarentur,</span> 
     </span>
     <span class='ocr_line' id='line_1_12' title="bbox 171 968 1500 1016; baseline 0.001 -12"><span class='ocrx_word' id='word_1_95' title='bbox 171 968 206 1005; x_wconf 89' lang='lat' dir='ltr'>si</span> <span class='ocrx_word' id='word_1_96' title='bbox 238 979 316 1005; x_wconf 90' lang='lat' dir='ltr'>non</span> <span class='ocrx_word' id='word_1_97' title='bbox 349 969 390 1005; x_wconf 90' lang='lat' dir='ltr'>in</span> <span class='ocrx_word' id='word_1_98' title='bbox 423 970 529 1016; x_wconf 81' lang='lat' dir='ltr'>vulgi</span> <span class='ocrx_word' id='word_1_99' title='bbox 562 981 696 1006; x_wconf 88' lang='lat' dir='ltr'>manus</span> <span class='ocrx_word' id='word_1_100' title='bbox 733 972 836 1006; x_wconf 86' lang='lat' dir='ltr'>certe</span> <span class='ocrx_word' id='word_1_101' title='bbox 870 970 912 1006; x_wconf 93' lang='lat' dir='ltr'>in</span> <span class='ocrx_word' id='word_1_102' title='bbox 946 970 1146 1006; x_wconf 87' lang='lat' dir='ltr'>doctorum</span> <span class='ocrx_word' id='word_1_103' title='bbox 1178 970 1371 1006; x_wconf 89' lang='lat' dir='ltr'>fautorum</span> <span class='ocrx_word' id='word_1_104' title='bbox 1404 969 1500 1005; x_wconf 86' lang='lat' dir='ltr'>ami-</span> 
     </span>
     <span class='ocr_line' id='line_1_13' title="bbox 170 1027 1499 1083; baseline 0.001 -18"><span class='ocrx_word' id='word_1_105' title='bbox 170 1040 376 1077; x_wconf 88' lang='lat' dir='ltr'>corumque</span> <span class='ocrx_word' id='word_1_106' title='bbox 402 1031 580 1067; x_wconf 88' lang='lat' dir='ltr'>notitiam</span> <span class='ocrx_word' id='word_1_107' title='bbox 606 1034 867 1078; x_wconf 76' lang='lat' dir='ltr'>pervenerunt</span> <span class='ocrx_word' id='word_1_108' title='bbox 887 1027 945 1083; x_wconf 89' lang='lat'>¹),</span> <span class='ocrx_word' id='word_1_109' title='bbox 972 1031 1014 1066; x_wconf 91' lang='lat' dir='ltr'>in</span> <span class='ocrx_word' id='word_1_110' title='bbox 1030 1041 1149 1066; x_wconf 91' lang='lat' dir='ltr'>unum</span> <span class='ocrx_word' id='word_1_111' title='bbox 1166 1042 1303 1078; x_wconf 86' lang='lat' dir='ltr'>corpus</span> <span class='ocrx_word' id='word_1_112' title='bbox 1320 1029 1499 1066; x_wconf 83' lang='lat' dir='ltr'>redactus</span> 
     </span>
     <span class='ocr_line' id='line_1_14' title="bbox 170 1091 1500 1140; baseline 0.002 -15"><span class='ocrx_word' id='word_1_113' title='bbox 170 1091 210 1126; x_wconf 87' lang='lat' dir='ltr'>et</span> <span class='ocrx_word' id='word_1_114' title='bbox 244 1091 406 1126; x_wconf 87' lang='lat' dir='ltr'>emissus</span> <span class='ocrx_word' id='word_1_115' title='bbox 443 1092 514 1140; x_wconf 84' lang='lat' dir='ltr'>sit,</span> <span class='ocrx_word' id='word_1_116' title='bbox 553 1103 632 1128; x_wconf 90' lang='lat' dir='ltr'>non</span> <span class='ocrx_word' id='word_1_117' title='bbox 667 1092 825 1129; x_wconf 87' lang='lat' dir='ltr'>dubium</span> <span class='ocrx_word' id='word_1_118' title='bbox 859 1094 918 1128; x_wconf 84' lang='lat' dir='ltr'>cst</span> <span class='ocrx_word' id='word_1_119' title='bbox 966 1093 1060 1140; x_wconf 90' lang='lat' dir='ltr'>quin</span> <span class='ocrx_word' id='word_1_120' title='bbox 1101 1095 1274 1128; x_wconf 76' lang='lat' dir='ltr'>extrema</span> <span class='ocrx_word' id='word_1_121' title='bbox 1314 1091 1500 1138; x_wconf 82' lang='lat' dir='ltr'>temporis</span> 
     </span>
     <span class='ocr_line' id='line_1_15' title="bbox 169 1150 1501 1202; baseline 0.001 -15"><span class='ocrx_word' id='word_1_122' title='bbox 169 1150 314 1188; x_wconf 88' lang='lat' dir='ltr'>indicia</span> <span class='ocrx_word' id='word_1_123' title='bbox 347 1163 396 1188; x_wconf 85' lang='lat' dir='ltr'>ex</span> <span class='ocrx_word' id='word_1_124' title='bbox 431 1152 549 1188; x_wconf 84' lang='lat' dir='ltr'>satira</span> <span class='ocrx_word' id='word_1_125' title='bbox 582 1153 707 1200; x_wconf 86' lang='lat' dir='ltr'>prima</span> <span class='ocrx_word' id='word_1_126' title='bbox 742 1156 782 1189; x_wconf 87' lang='lat' dir='ltr'>et</span> <span class='ocrx_word' id='word_1_127' title='bbox 816 1153 964 1190; x_wconf 87' lang='lat' dir='ltr'>decima</span> <span class='ocrx_word' id='word_1_128' title='bbox 998 1153 1166 1201; x_wconf 83' lang='lat' dir='ltr'>petenda</span> <span class='ocrx_word' id='word_1_129' title='bbox 1205 1153 1302 1202; x_wconf 89' lang='lat' dir='ltr'>sint,</span> <span class='ocrx_word' id='word_1_130' title='bbox 1339 1163 1501 1200; x_wconf 89' lang='lat' dir='ltr'>quarum</span> 
     </span>
     <span class='ocr_line' id='line_1_16' title="bbox 169 1213 1500 1263; baseline 0.001 -15"><span class='ocrx_word' id='word_1_131' title='bbox 169 1213 291 1249; x_wconf 85' lang='lat' dir='ltr'>altera</span> <span class='ocrx_word' id='word_1_132' title='bbox 316 1214 486 1263; x_wconf 80' lang='lat' dir='ltr'>prologi,</span> <span class='ocrx_word' id='word_1_133' title='bbox 515 1214 636 1250; x_wconf 87' lang='lat' dir='ltr'>altera</span> <span class='ocrx_word' id='word_1_134' title='bbox 664 1215 807 1261; x_wconf 79' lang='lat' dir='ltr'>epilogi</span> <span class='ocrx_word' id='word_1_135' title='bbox 832 1215 937 1251; x_wconf 77' lang='lat' dir='ltr'>vices</span> <span class='ocrx_word' id='word_1_136' title='bbox 964 1217 1082 1251; x_wconf 83' lang='lat' dir='ltr'>tenet.</span> <span class='ocrx_word' id='word_1_137' title='bbox 1134 1215 1193 1251; x_wconf 90' lang='lat' dir='ltr'>Ae</span> <span class='ocrx_word' id='word_1_138' title='bbox 1226 1214 1390 1262; x_wconf 88' lang='lat' dir='ltr'>primam</span> <span class='ocrx_word' id='word_1_139' title='bbox 1416 1213 1500 1261; x_wconf 90' lang='lat' dir='ltr'>qui-</span> 
     </span>
     <span class='ocr_line' id='line_1_17' title="bbox 170 1273 1501 1324; baseline 0.001 -14"><span class='ocrx_word' id='word_1_140' title='bbox 170 1273 278 1323; x_wconf 87' lang='lat' dir='ltr'>dem,</span> <span class='ocrx_word' id='word_1_141' title='bbox 315 1285 413 1322; x_wconf 89' lang='lat' dir='ltr'>quae</span> <span class='ocrx_word' id='word_1_142' title='bbox 449 1275 564 1311; x_wconf 87' lang='lat' dir='ltr'>certis</span> <span class='ocrx_word' id='word_1_143' title='bbox 600 1276 738 1311; x_wconf 88' lang='lat' dir='ltr'>aetatis</span> <span class='ocrx_word' id='word_1_144' title='bbox 773 1276 948 1323; x_wconf 78' lang='lat' dir='ltr'>vestigiis</span> <span class='ocrx_word' id='word_1_145' title='bbox 988 1277 1114 1324; x_wconf 85' lang='lat' dir='ltr'>caret,</span> <span class='ocrx_word' id='word_1_146' title='bbox 1154 1275 1230 1311; x_wconf 91' lang='lat' dir='ltr'>nisi</span> <span class='ocrx_word' id='word_1_147' title='bbox 1270 1275 1373 1322; x_wconf 87' lang='lat' dir='ltr'>quod</span> <span class='ocrx_word' id='word_1_148' title='bbox 1410 1276 1501 1322; x_wconf 88' lang='lat' dir='ltr'>post</span> 
     </span>
     <span class='ocr_line' id='line_1_18' title="bbox 168 1336 1501 1386; baseline 0.002 -15"><span class='ocrx_word' id='word_1_149' title='bbox 168 1346 312 1372; x_wconf 89' lang='lat' dir='ltr'>annum</span> <span class='ocrx_word' id='word_1_150' title='bbox 336 1348 374 1373; x_wconf 90' lang='lat' dir='ltr'>u.</span> <span class='ocrx_word' id='word_1_151' title='bbox 402 1348 434 1373; x_wconf 88' lang='lat' dir='ltr'>c.</span> <span class='ocrx_word' id='word_1_152' title='bbox 463 1337 547 1373; x_wconf 81' lang='lat'>716.</span> <span class='ocrx_word' id='word_1_153' title='bbox 577 1337 721 1384; x_wconf 84' lang='lat' dir='ltr'>scripta</span> <span class='ocrx_word' id='word_1_154' title='bbox 747 1339 826 1386; x_wconf 86' lang='lat' dir='ltr'>est,</span> <span class='ocrx_word' id='word_1_155' title='bbox 863 1338 953 1386; x_wconf 90' lang='lat' dir='ltr'>quia</span> <span class='ocrx_word' id='word_1_156' title='bbox 986 1340 1102 1386; x_wconf 88' lang='lat' dir='ltr'>poeta</span> <span class='ocrx_word' id='word_1_157' title='bbox 1121 1336 1205 1382; x_wconf 81' lang='lat' dir='ltr'>J&#39;am</span> <span class='ocrx_word' id='word_1_158' title='bbox 1229 1336 1270 1373; x_wconf 88' lang='lat' dir='ltr'>in</span> <span class='ocrx_word' id='word_1_159' title='bbox 1295 1337 1501 1373; x_wconf 87' lang='lat' dir='ltr'>Maeeena-</span> 
     </span>
     <span class='ocr_line' id='line_1_19' title="bbox 167 1397 1498 1448; baseline 0 -15"><span class='ocrx_word' id='word_1_160' title='bbox 167 1397 219 1433; x_wconf 89' lang='lat' dir='ltr'>tis</span> <span class='ocrx_word' id='word_1_161' title='bbox 253 1398 552 1435; x_wconf 86' lang='lat' dir='ltr'>familiaritatem</span> <span class='ocrx_word' id='word_1_162' title='bbox 586 1398 754 1435; x_wconf 88' lang='lat' dir='ltr'>adscitus</span> <span class='ocrx_word' id='word_1_163' title='bbox 791 1402 894 1448; x_wconf 81' lang='lat' dir='ltr'>erat,</span> <span class='ocrx_word' id='word_1_164' title='bbox 937 1400 1134 1447; x_wconf 86' lang='lat' dir='ltr'>praeclare</span> <span class='ocrx_word' id='word_1_165' title='bbox 1167 1397 1267 1434; x_wconf 76' lang='lat' dir='ltr'>vidit</span> <span class='ocrx_word' id='word_1_166' title='bbox 1299 1397 1498 1434; x_wconf 83' lang='lat' dir='ltr'>Kirchner.</span> 
     </span>
     <span class='ocr_line' id='line_1_20' title="bbox 166 1455 1500 1511; baseline 0.001 -18"><span class='ocrx_word' id='word_1_167' title='bbox 166 1457 210 1494; x_wconf 90' lang='lat' dir='ltr'>in</span> <span class='ocrx_word' id='word_1_168' title='bbox 237 1459 327 1496; x_wconf 85' lang='lat' dir='ltr'>edit.</span> <span class='ocrx_word' id='word_1_169' title='bbox 357 1460 475 1496; x_wconf 88' lang='lat' dir='ltr'>Serm.</span> <span class='ocrx_word' id='word_1_170' title='bbox 505 1461 611 1497; x_wconf 89' lang='lat' dir='ltr'>Tom.</span> <span class='ocrx_word' id='word_1_171' title='bbox 640 1460 669 1496; x_wconf 95' lang='lat' dir='ltr'>I.</span> <span class='ocrx_word' id='word_1_172' title='bbox 698 1472 734 1507; x_wconf 89' lang='lat' dir='ltr'>p.</span> <span class='ocrx_word' id='word_1_173' title='bbox 764 1460 848 1496; x_wconf 85' lang='grc'>200.</span> <span class='ocrx_word' id='word_1_174' title='bbox 878 1455 934 1510; x_wconf 87' lang='lat' dir='ltr'>(v.</span> <span class='ocrx_word' id='word_1_175' title='bbox 966 1457 1074 1511; x_wconf 80' lang='lat'>114.)</span> <span class='ocrx_word' id='word_1_176' title='bbox 1101 1459 1150 1495; x_wconf 94' lang='lat' dir='ltr'>ob</span> <span class='ocrx_word' id='word_1_177' title='bbox 1168 1459 1305 1494; x_wconf 89' lang='lat' dir='ltr'>miram</span> <span class='ocrx_word' id='word_1_178' title='bbox 1323 1458 1500 1496; x_wconf 80' lang='lat' dir='ltr'>similitu-</span> 
     </span>
     <span class='ocr_line' id='line_1_21' title="bbox 167 1519 1499 1569; baseline 0.001 -14"><span class='ocrx_word' id='word_1_179' title='bbox 167 1519 319 1569; x_wconf 90' lang='lat' dir='ltr'>dinem,</span> <span class='ocrx_word' id='word_1_180' title='bbox 348 1531 445 1568; x_wconf 87' lang='lat' dir='ltr'>quae</span> <span class='ocrx_word' id='word_1_181' title='bbox 473 1521 575 1557; x_wconf 89' lang='lat' dir='ltr'>inter</span> <span class='ocrx_word' id='word_1_182' title='bbox 600 1532 657 1557; x_wconf 73' lang='lat' dir='ltr'>vs.</span> <span class='ocrx_word' id='word_1_183' title='bbox 688 1521 758 1557; x_wconf 78' lang='grc'>114</span> <span class='ocrx_word' id='word_1_184' title='bbox 776 1542 826 1548; x_wconf 91' lang='lat'><em>-</em></span> <span class='ocrx_word' id='word_1_185' title='bbox 845 1521 927 1556; x_wconf 89' lang='grc'>116.</span> <span class='ocrx_word' id='word_1_186' title='bbox 957 1522 995 1556; x_wconf 84' lang='lat' dir='ltr'>et</span> <span class='ocrx_word' id='word_1_187' title='bbox 1021 1520 1173 1565; x_wconf 80' lang='lat' dir='ltr'>Virgilii</span> <span class='ocrx_word' id='word_1_188' title='bbox 1200 1520 1339 1565; x_wconf 82' lang='lat' dir='ltr'>Georg.</span> <span class='ocrx_word' id='word_1_189' title='bbox 1366 1519 1398 1569; x_wconf 92' lang='lat' dir='ltr'>I,</span> <span class='ocrx_word' id='word_1_190' title='bbox 1425 1519 1499 1556; x_wconf 86' lang='lat'>515</span> 
     </span>
     <span class='ocr_line' id='line_1_22' title="bbox 167 1580 1499 1630; baseline 0.001 -14"><span class='ocrx_word' id='word_1_191' title='bbox 167 1581 309 1616; x_wconf 85' lang='lat' dir='ltr'>—5l5.</span> <span class='ocrx_word' id='word_1_192' title='bbox 338 1581 566 1630; x_wconf 84' lang='lat' dir='ltr'>intercedat,</span> <span class='ocrx_word' id='word_1_193' title='bbox 595 1584 684 1628; x_wconf 87' lang='lat' dir='ltr'>post</span> <span class='ocrx_word' id='word_1_194' title='bbox 710 1582 799 1617; x_wconf 89' lang='lat' dir='ltr'>libri</span> <span class='ocrx_word' id='word_1_195' title='bbox 824 1581 854 1616; x_wconf 88' lang='grc' dir='ltr'>Ι.</span> <span class='ocrx_word' id='word_1_196' title='bbox 883 1581 1094 1617; x_wconf 88' lang='lat' dir='ltr'>editionem</span> <span class='ocrx_word' id='word_1_197' title='bbox 1121 1580 1339 1626; x_wconf 82' lang='lat' dir='ltr'>Georgicon</span> <span class='ocrx_word' id='word_1_198' title='bbox 1364 1591 1499 1617; x_wconf 80' lang='lat' dir='ltr'>exara-</span> 
     </span>
     <span class='ocr_line' id='line_1_23' title="bbox 166 1641 1499 1691; baseline 0.001 -14"><span class='ocrx_word' id='word_1_199' title='bbox 166 1643 247 1677; x_wconf 81' lang='lat' dir='ltr'>tam</span> <span class='ocrx_word' id='word_1_200' title='bbox 263 1653 362 1691; x_wconf 86' lang='lat' dir='ltr'>esse,</span> <span class='ocrx_word' id='word_1_201' title='bbox 390 1644 598 1689; x_wconf 84' lang='lat' dir='ltr'>propterea</span> <span class='ocrx_word' id='word_1_202' title='bbox 625 1642 728 1689; x_wconf 82' lang='lat' dir='ltr'>quod</span> <span class='ocrx_word' id='word_1_203' title='bbox 754 1643 958 1678; x_wconf 86' lang='lat' dir='ltr'>Horatium</span> <span class='ocrx_word' id='word_1_204' title='bbox 976 1641 1128 1687; x_wconf 76' lang='lat' dir='ltr'>Virgilii</span> <span class='ocrx_word' id='word_1_205' title='bbox 1153 1641 1281 1678; x_wconf 86' lang='lat' dir='ltr'>locum</span> <span class='ocrx_word' id='word_1_206' title='bbox 1306 1641 1499 1678; x_wconf 85' lang='lat' dir='ltr'>imitatum</span> 
     </span>
     <span class='ocr_line' id='line_1_24' title="bbox 168 1700 1496 1751; baseline 0.001 -13"><span class='ocrx_word' id='word_1_207' title='bbox 168 1713 252 1738; x_wconf 87' lang='lat' dir='ltr'>esse</span> <span class='ocrx_word' id='word_1_208' title='bbox 287 1703 496 1739; x_wconf 85' lang='lat' dir='ltr'>verisimile</span> <span class='ocrx_word' id='word_1_209' title='bbox 533 1703 594 1739; x_wconf 86' lang='lat' dir='ltr'>sit.</span> <span class='ocrx_word' id='word_1_210' title='bbox 654 1703 775 1751; x_wconf 89' lang='lat' dir='ltr'>Atqui</span> <span class='ocrx_word' id='word_1_211' title='bbox 809 1703 955 1751; x_wconf 84' lang='lat' dir='ltr'>primus</span> <span class='ocrx_word' id='word_1_212' title='bbox 991 1702 1208 1748; x_wconf 78' lang='lat' dir='ltr'>Georgicon</span> <span class='ocrx_word' id='word_1_213' title='bbox 1243 1703 1342 1739; x_wconf 90' lang='lat' dir='ltr'>liber</span> <span class='ocrx_word' id='word_1_214' title='bbox 1376 1700 1425 1739; x_wconf 92' lang='lat' dir='ltr'>ob</span> <span class='ocrx_word' id='word_1_215' title='bbox 1459 1715 1496 1739; x_wconf 75' lang='lat' dir='ltr'>v.</span> 
     </span>
     <span class='ocr_line' id='line_1_25' title="bbox 168 1760 1495 1817; baseline 0.002 -18"><span class='ocrx_word' id='word_1_216' title='bbox 168 1764 343 1801; x_wconf 83' lang='lat'>24-42.</span> <span class='ocrx_word' id='word_1_217' title='bbox 360 1767 400 1801; x_wconf 91' lang='lat' dir='ltr'>et</span> <span class='ocrx_word' id='word_1_218' title='bbox 416 1777 451 1801; x_wconf 90' lang='lat' dir='ltr'>v.</span> <span class='ocrx_word' id='word_1_219' title='bbox 470 1764 540 1800; x_wconf 88' lang='lat'>501</span> <span class='ocrx_word' id='word_1_220' title='bbox 561 1775 616 1812; x_wconf 87' lang='lat' dir='ltr'>sq.</span> <span class='ocrx_word' id='word_1_221' title='bbox 635 1765 825 1812; x_wconf 85' lang='lat' dir='ltr'>prodierit</span> <span class='ocrx_word' id='word_1_222' title='bbox 840 1775 1000 1801; x_wconf 84' lang='lat' dir='ltr'>necesse</span> <span class='ocrx_word' id='word_1_223' title='bbox 1019 1765 1079 1800; x_wconf 85' lang='lat' dir='ltr'>est</span> <span class='ocrx_word' id='word_1_224' title='bbox 1104 1773 1205 1799; x_wconf 85' lang='lat' dir='ltr'>anno</span> <span class='ocrx_word' id='word_1_225' title='bbox 1231 1775 1269 1800; x_wconf 88' lang='lat' dir='ltr'>u.</span> <span class='ocrx_word' id='word_1_226' title='bbox 1298 1775 1328 1800; x_wconf 90' lang='lat' dir='ltr'>c.</span> <span class='ocrx_word' id='word_1_227' title='bbox 1357 1764 1430 1800; x_wconf 80' lang='lat'>719</span> <span class='ocrx_word' id='word_1_228' title='bbox 1443 1760 1495 1817; x_wconf 86' lang='lat'>²).</span> 
     </span>
    </p>
   </div>
   <div class='ocr_carea' id='block_1_3' title="bbox 168 1946 1496 2345">
    <p class='ocr_par' dir='ltr' id='par_1_3' title="bbox 168 1946 1496 2345">
     <span class='ocr_line' id='line_1_26' title="bbox 258 1946 1496 1989; baseline 0.002 -11"><span class='ocrx_word' id='word_1_229' title='bbox 258 1948 295 1988; x_wconf 88' lang='lat'>1)</span> <span class='ocrx_word' id='word_1_230' title='bbox 321 1949 362 1979; x_wconf 76' lang='lat' dir='ltr'>cf.</span> <span class='ocrx_word' id='word_1_231' title='bbox 385 1949 526 1980; x_wconf 81' lang='lat' dir='ltr'>Masson.</span> <span class='ocrx_word' id='word_1_232' title='bbox 551 1950 683 1981; x_wconf 76' lang='lat' dir='ltr'>histoire</span> <span class='ocrx_word' id='word_1_233' title='bbox 707 1949 777 1980; x_wconf 90' lang='lat' dir='ltr'>crit.</span> <span class='ocrx_word' id='word_1_234' title='bbox 802 1948 892 1979; x_wconf 88' lang='lat' dir='ltr'>Tom.</span> <span class='ocrx_word' id='word_1_235' title='bbox 916 1947 955 1980; x_wconf 72' lang='lat' dir='ltr'>V.</span> <span class='ocrx_word' id='word_1_236' title='bbox 980 1959 1009 1989; x_wconf 86' lang='lat' dir='ltr'>p.</span> <span class='ocrx_word' id='word_1_237' title='bbox 1029 1947 1092 1981; x_wconf 66' lang='lat'>154</span> <span class='ocrx_word' id='word_1_238' title='bbox 1109 1946 1250 1986; x_wconf 80' lang='lat'>—173..</span> <span class='ocrx_word' id='word_1_239' title='bbox 1275 1948 1316 1980; x_wconf 88' lang='lat' dir='ltr'>de</span> <span class='ocrx_word' id='word_1_240' title='bbox 1332 1949 1496 1980; x_wconf 87' lang='lat' dir='ltr'>Sermoni-</span> 
     </span>
     <span class='ocr_line' id='line_1_27' title="bbox 170 1993 1496 2034; baseline 0.001 -11"><span class='ocrx_word' id='word_1_241' title='bbox 170 1995 228 2023; x_wconf 87' lang='lat' dir='ltr'>bus</span> <span class='ocrx_word' id='word_1_242' title='bbox 251 1993 388 2026; x_wconf 72' lang='lat' dir='ltr'>maxime</span> <span class='ocrx_word' id='word_1_243' title='bbox 410 2004 440 2034; x_wconf 89' lang='lat' dir='ltr'>p.</span> <span class='ocrx_word' id='word_1_244' title='bbox 466 1994 540 2026; x_wconf 83' lang='grc'>166.</span> <span class='ocrx_word' id='word_1_245' title='bbox 588 1995 647 2028; x_wconf 84' lang='lat' dir='ltr'>Qui</span> <span class='ocrx_word' id='word_1_246' title='bbox 680 1995 876 2025; x_wconf 77' lang='lat' dir='ltr'>refutaturus</span> <span class='ocrx_word' id='word_1_247' title='bbox 909 1994 1088 2034; x_wconf 85' lang='lat' dir='ltr'>opinionem</span> <span class='ocrx_word' id='word_1_248' title='bbox 1110 1993 1263 2034; x_wconf 69' lang='lat' dir='ltr'>Bentleii,</span> <span class='ocrx_word' id='word_1_249' title='bbox 1286 2003 1348 2025; x_wconf 89' lang='lat' dir='ltr'>non</span> <span class='ocrx_word' id='word_1_250' title='bbox 1371 1994 1496 2034; x_wconf 80' lang='lat' dir='ltr'>singula</span> 
     </span>
     <span class='ocr_line' id='line_1_28' title="bbox 169 2038 1496 2078; baseline 0.002 -11"><span class='ocrx_word' id='word_1_251' title='bbox 169 2040 317 2078; x_wconf 81' lang='lat' dir='ltr'>poemata</span> <span class='ocrx_word' id='word_1_252' title='bbox 354 2038 411 2068; x_wconf 83' lang='lat' dir='ltr'>sed</span> <span class='ocrx_word' id='word_1_253' title='bbox 450 2042 519 2068; x_wconf 87' lang='lat' dir='ltr'>tota</span> <span class='ocrx_word' id='word_1_254' title='bbox 558 2039 737 2078; x_wconf 80' lang='lat' dir='ltr'>eclogarum</span> <span class='ocrx_word' id='word_1_255' title='bbox 775 2038 933 2068; x_wconf 63' lang='lat' dir='ltr'>volumina</span> <span class='ocrx_word' id='word_1_256' title='bbox 965 2039 1055 2068; x_wconf 85' lang='lat' dir='ltr'>simul</span> <span class='ocrx_word' id='word_1_257' title='bbox 1087 2047 1107 2067; x_wconf 86' lang='lat' dir='ltr'>a</span> <span class='ocrx_word' id='word_1_258' title='bbox 1137 2039 1241 2078; x_wconf 83' lang='lat' dir='ltr'>poetis</span> <span class='ocrx_word' id='word_1_259' title='bbox 1271 2038 1387 2078; x_wconf 87' lang='lat' dir='ltr'>publici</span> <span class='ocrx_word' id='word_1_260' title='bbox 1412 2039 1496 2078; x_wconf 87' lang='lat' dir='ltr'>juris</span> 
     </span>
     <span class='ocr_line' id='line_1_29' title="bbox 168 2081 1495 2122; baseline 0.001 -9"><span class='ocrx_word' id='word_1_261' title='bbox 168 2083 255 2113; x_wconf 76' lang='lat' dir='ltr'>facta</span> <span class='ocrx_word' id='word_1_262' title='bbox 279 2092 351 2112; x_wconf 84' lang='lat' dir='ltr'>esse</span> <span class='ocrx_word' id='word_1_263' title='bbox 375 2083 556 2117; x_wconf 76' lang='lat' dir='ltr'>statuentis,</span> <span class='ocrx_word' id='word_1_264' title='bbox 581 2084 663 2113; x_wconf 90' lang='lat' dir='ltr'>bene</span> <span class='ocrx_word' id='word_1_265' title='bbox 688 2085 842 2122; x_wconf 66' lang='lat' dir='ltr'>proxocat</span> <span class='ocrx_word' id='word_1_266' title='bbox 865 2092 894 2121; x_wconf 88' lang='lat' dir='ltr'>p.</span> <span class='ocrx_word' id='word_1_267' title='bbox 913 2081 987 2112; x_wconf 77' lang='lat'>156.</span> <span class='ocrx_word' id='word_1_268' title='bbox 1011 2082 1053 2112; x_wconf 87' lang='lat' dir='ltr'>ad</span> <span class='ocrx_word' id='word_1_269' title='bbox 1077 2082 1192 2112; x_wconf 73' lang='lat' dir='ltr'>Catuli.</span> <span class='ocrx_word' id='word_1_270' title='bbox 1216 2081 1247 2112; x_wconf 89' lang='lat'>1.</span> <span class='ocrx_word' id='word_1_271' title='bbox 1270 2082 1438 2122; x_wconf 81' lang='lat' dir='ltr'>„Namque</span> <span class='ocrx_word' id='word_1_272' title='bbox 1461 2086 1495 2114; x_wconf 88' lang='lat' dir='ltr'>tu</span> 
     </span>
     <span class='ocr_line' id='line_1_30' title="bbox 169 2126 1494 2167; baseline 0.001 -10"><span class='ocrx_word' id='word_1_273' title='bbox 169 2126 294 2157; x_wconf 82' lang='lat' dir='ltr'>solebas</span> <span class='ocrx_word' id='word_1_274' title='bbox 319 2126 409 2157; x_wconf 83' lang='lat' dir='ltr'>Meas</span> <span class='ocrx_word' id='word_1_275' title='bbox 434 2137 506 2158; x_wconf 84' lang='lat' dir='ltr'>esse</span> <span class='ocrx_word' id='word_1_276' title='bbox 529 2127 647 2166; x_wconf 83' lang='lat' dir='ltr'>aliquid</span> <span class='ocrx_word' id='word_1_277' title='bbox 671 2130 784 2167; x_wconf 85' lang='lat' dir='ltr'>putare</span> <span class='ocrx_word' id='word_1_278' title='bbox 808 2127 940 2165; x_wconf 82' lang='lat' dir='ltr'>nugas.&#39;&#39;</span> <span class='ocrx_word' id='word_1_279' title='bbox 986 2127 1136 2159; x_wconf 77' lang='lat' dir='ltr'>(Sueten.</span> <span class='ocrx_word' id='word_1_280' title='bbox 1154 2126 1249 2156; x_wconf 79' lang='lat' dir='ltr'>Caes.</span> <span class='ocrx_word' id='word_1_281' title='bbox 1266 2126 1347 2165; x_wconf 87' lang='lat'>73.)‚</span> <span class='ocrx_word' id='word_1_282' title='bbox 1374 2130 1406 2157; x_wconf 86' lang='lat' dir='ltr'>et</span> <span class='ocrx_word' id='word_1_283' title='bbox 1422 2137 1494 2167; x_wconf 83' lang='lat' dir='ltr'>pag.</span> 
     </span>
     <span class='ocr_line' id='line_1_31' title="bbox 170 2170 1495 2212; baseline 0.001 -10"><span class='ocrx_word' id='word_1_284' title='bbox 170 2170 245 2202; x_wconf 81' lang='grc'>160.</span> <span class='ocrx_word' id='word_1_285' title='bbox 270 2170 311 2201; x_wconf 86' lang='lat' dir='ltr'>ad</span> <span class='ocrx_word' id='word_1_286' title='bbox 334 2172 416 2202; x_wconf 87' lang='lat' dir='ltr'>Stat.</span> <span class='ocrx_word' id='word_1_287' title='bbox 442 2172 519 2202; x_wconf 77' lang='lat' dir='ltr'>Silv.</span> <span class='ocrx_word' id='word_1_288' title='bbox 544 2172 645 2212; x_wconf 84' lang='lat' dir='ltr'>praef.</span> <span class='ocrx_word' id='word_1_289' title='bbox 664 2172 717 2202; x_wconf 83' lang='lat' dir='ltr'>lib.</span> <span class='ocrx_word' id='word_1_290' title='bbox 736 2172 761 2201; x_wconf 88' lang='grc' dir='ltr'>Ι.</span> <span class='ocrx_word' id='word_1_291' title='bbox 787 2171 886 2204; x_wconf 79' lang='lat' dir='ltr'>(Quid</span> <span class='ocrx_word' id='word_1_292' title='bbox 910 2171 992 2210; x_wconf 83' lang='lat' dir='ltr'>quod</span> <span class='ocrx_word' id='word_1_293' title='bbox 1009 2171 1088 2202; x_wconf 88' lang='lat' dir='ltr'>haec</span> <span class='ocrx_word' id='word_1_294' title='bbox 1104 2180 1209 2201; x_wconf 88' lang='lat' dir='ltr'>serum</span> <span class='ocrx_word' id='word_1_295' title='bbox 1228 2174 1298 2205; x_wconf 86' lang='lat' dir='ltr'>erat</span> <span class='ocrx_word' id='word_1_296' title='bbox 1321 2172 1495 2209; x_wconf 85' lang='lat' dir='ltr'>continere,</span> 
     </span>
     <span class='ocr_line' id='line_1_32' title="bbox 170 2215 1493 2256; baseline 0.001 -10"><span class='ocrx_word' id='word_1_297' title='bbox 170 2225 240 2246; x_wconf 87' lang='lat' dir='ltr'>cum</span> <span class='ocrx_word' id='word_1_298' title='bbox 263 2216 316 2246; x_wconf 80' lang='lat' dir='ltr'>ina</span> <span class='ocrx_word' id='word_1_299' title='bbox 339 2225 396 2246; x_wconf 73' lang='lat' dir='ltr'>vos</span> <span class='ocrx_word' id='word_1_300' title='bbox 421 2219 508 2246; x_wconf 81' lang='lat' dir='ltr'>certe</span> <span class='ocrx_word' id='word_1_301' title='bbox 525 2235 568 2238; x_wconf 83' lang='lat'>—</span> <span class='ocrx_word' id='word_1_302' title='bbox 586 2226 716 2256; x_wconf 83' lang='lat' dir='ltr'>quorum</span> <span class='ocrx_word' id='word_1_303' title='bbox 739 2215 848 2245; x_wconf 89' lang='lat' dir='ltr'>honori</span> <span class='ocrx_word' id='word_1_304' title='bbox 873 2215 948 2245; x_wconf 87' lang='lat' dir='ltr'>data</span> <span class='ocrx_word' id='word_1_305' title='bbox 971 2218 1045 2246; x_wconf 83' lang='lat' dir='ltr'>sunt</span> <span class='ocrx_word' id='word_1_306' title='bbox 1060 2234 1104 2238; x_wconf 93' lang='lat'>—-</span> <span class='ocrx_word' id='word_1_307' title='bbox 1122 2215 1326 2255; x_wconf 45' lang='lat' dir='ltr'>haberetis).</span> <span class='ocrx_word' id='word_1_308' title='bbox 1370 2215 1493 2247; x_wconf 88' lang='lat' dir='ltr'>Eadem</span> 
     </span>
     <span class='ocr_line' id='line_1_33' title="bbox 169 2259 1494 2300; baseline 0.002 -10"><span class='ocrx_word' id='word_1_309' title='bbox 169 2260 210 2291; x_wconf 88' lang='lat' dir='ltr'>de</span> <span class='ocrx_word' id='word_1_310' title='bbox 234 2270 268 2290; x_wconf 89' lang='lat' dir='ltr'>re</span> <span class='ocrx_word' id='word_1_311' title='bbox 300 2260 475 2300; x_wconf 50' lang='lat' dir='ltr'>disputarit</span> <span class='ocrx_word' id='word_1_312' title='bbox 506 2261 634 2291; x_wconf 83' lang='lat' dir='ltr'>Kirchn.</span> <span class='ocrx_word' id='word_1_313' title='bbox 667 2263 790 2300; x_wconf 81' lang='lat' dir='ltr'>quaest.</span> <span class='ocrx_word' id='word_1_314' title='bbox 815 2270 844 2300; x_wconf 85' lang='lat' dir='ltr'>p.</span> <span class='ocrx_word' id='word_1_315' title='bbox 870 2260 899 2290; x_wconf 89' lang='grc'>6.</span> <span class='ocrx_word' id='word_1_316' title='bbox 924 2259 955 2300; x_wconf 56' lang='grc' dir='ltr'>ἓ.</span> <span class='ocrx_word' id='word_1_317' title='bbox 979 2259 1136 2292; x_wconf 76' lang='lat'>12—15.</span> <span class='ocrx_word' id='word_1_318' title='bbox 1181 2259 1229 2291; x_wconf 89' lang='lat' dir='ltr'>De</span> <span class='ocrx_word' id='word_1_319' title='bbox 1253 2261 1494 2292; x_wconf 80' lang='lat' dir='ltr'>recitationibus</span> 
     </span>
     <span class='ocr_line' id='line_1_34' title="bbox 170 2304 918 2345; baseline -0.003 -9"><span class='ocrx_word' id='word_1_320' title='bbox 170 2315 200 2336; x_wconf 78' lang='lat' dir='ltr'>v.</span> <span class='ocrx_word' id='word_1_321' title='bbox 224 2304 429 2342; x_wconf 84' lang='lat' dir='ltr'>Thorbecke‚</span> <span class='ocrx_word' id='word_1_322' title='bbox 453 2305 493 2336; x_wconf 87' lang='lat' dir='ltr'>de</span> <span class='ocrx_word' id='word_1_323' title='bbox 517 2305 604 2336; x_wconf 80' lang='lat' dir='ltr'>Asin.</span> <span class='ocrx_word' id='word_1_324' title='bbox 629 2305 705 2336; x_wconf 88' lang='lat' dir='ltr'>Poll.</span> <span class='ocrx_word' id='word_1_325' title='bbox 729 2315 759 2345; x_wconf 88' lang='lat' dir='ltr'>p.</span> <span class='ocrx_word' id='word_1_326' title='bbox 784 2304 848 2335; x_wconf 73' lang='lat'>104</span> <span class='ocrx_word' id='word_1_327' title='bbox 872 2315 918 2344; x_wconf 81' lang='lat' dir='ltr'>sq.</span> 
     </span>
    </p>
   </div>
   <div class='ocr_carea' id='block_1_4' title="bbox 169 2359 1493 2670">
    <p class='ocr_par' dir='ltr' id='par_1_4' title="bbox 169 2359 1493 2670">
     <span class='ocr_line' id='line_1_35' title="bbox 257 2359 1493 2401; baseline 0.001 -11"><span class='ocrx_word' id='word_1_328' title='bbox 257 2359 295 2396; x_wconf 77' lang='lat'>2)</span> <span class='ocrx_word' id='word_1_329' title='bbox 320 2360 499 2400; x_wconf 78' lang='lat' dir='ltr'>Georgicon</span> <span class='ocrx_word' id='word_1_330' title='bbox 525 2361 621 2391; x_wconf 86' lang='lat' dir='ltr'>libros</span> <span class='ocrx_word' id='word_1_331' title='bbox 645 2364 793 2401; x_wconf 78' lang='lat' dir='ltr'>quattuor</span> <span class='ocrx_word' id='word_1_332' title='bbox 817 2370 958 2391; x_wconf 86' lang='lat' dir='ltr'>seorsum</span> <span class='ocrx_word' id='word_1_333' title='bbox 983 2363 1015 2391; x_wconf 87' lang='lat' dir='ltr'>et</span> <span class='ocrx_word' id='word_1_334' title='bbox 1039 2360 1167 2392; x_wconf 72' lang='lat' dir='ltr'>diverso</span> <span class='ocrx_word' id='word_1_335' title='bbox 1190 2363 1334 2401; x_wconf 86' lang='lat' dir='ltr'>tempore</span> <span class='ocrx_word' id='word_1_336' title='bbox 1357 2361 1493 2401; x_wconf 85' lang='lat' dir='ltr'>scriptos</span> 
     </span>
     <span class='ocr_line' id='line_1_36' title="bbox 171 2405 1493 2445; baseline 0 -9"><span class='ocrx_word' id='word_1_337' title='bbox 171 2408 204 2436; x_wconf 88' lang='lat' dir='ltr'>ct</span> <span class='ocrx_word' id='word_1_338' title='bbox 236 2405 340 2436; x_wconf 80' lang='lat' dir='ltr'>editos</span> <span class='ocrx_word' id='word_1_339' title='bbox 373 2415 460 2442; x_wconf 75' lang='lat' dir='ltr'>esse,</span> <span class='ocrx_word' id='word_1_340' title='bbox 485 2409 550 2435; x_wconf 89' lang='lat' dir='ltr'>tum</span> <span class='ocrx_word' id='word_1_341' title='bbox 574 2409 829 2445; x_wconf 79' lang='lat' dir='ltr'>argumentorum</span> <span class='ocrx_word' id='word_1_342' title='bbox 851 2409 965 2437; x_wconf 87' lang='lat' dir='ltr'>natura</span> <span class='ocrx_word' id='word_1_343' title='bbox 988 2405 1159 2445; x_wconf 86' lang='lat' dir='ltr'>probatur,</span> <span class='ocrx_word' id='word_1_344' title='bbox 1183 2408 1249 2436; x_wconf 88' lang='lat' dir='ltr'>tum</span> <span class='ocrx_word' id='word_1_345' title='bbox 1273 2415 1310 2436; x_wconf 94' lang='lat' dir='ltr'>eo</span> <span class='ocrx_word' id='word_1_346' title='bbox 1335 2405 1418 2445; x_wconf 88' lang='lat' dir='ltr'>quod</span> <span class='ocrx_word' id='word_1_347' title='bbox 1442 2415 1493 2436; x_wconf 75' lang='lat' dir='ltr'>res</span> 
     </span>
     <span class='ocr_line' id='line_1_37' title="bbox 169 2449 1493 2491; baseline 0.002 -11"><span class='ocrx_word' id='word_1_348' title='bbox 169 2453 283 2489; x_wconf 80' lang='lat' dir='ltr'>gestae</span> <span class='ocrx_word' id='word_1_349' title='bbox 307 2449 494 2486; x_wconf 71' lang='lat' dir='ltr'>Octaviani,</span> <span class='ocrx_word' id='word_1_350' title='bbox 527 2460 608 2490; x_wconf 84' lang='lat' dir='ltr'>quae</span> <span class='ocrx_word' id='word_1_351' title='bbox 633 2451 664 2480; x_wconf 91' lang='lat' dir='ltr'>in</span> <span class='ocrx_word' id='word_1_352' title='bbox 689 2450 823 2489; x_wconf 81' lang='lat' dir='ltr'>singulis</span> <span class='ocrx_word' id='word_1_353' title='bbox 853 2451 1031 2490; x_wconf 84' lang='lat' dir='ltr'>quibusque</span> <span class='ocrx_word' id='word_1_354' title='bbox 1054 2450 1142 2481; x_wconf 86' lang='lat' dir='ltr'>libris</span> <span class='ocrx_word' id='word_1_355' title='bbox 1166 2450 1290 2490; x_wconf 84' lang='lat' dir='ltr'>gratiae</span> <span class='ocrx_word' id='word_1_356' title='bbox 1314 2449 1493 2491; x_wconf 82' lang='lat' dir='ltr'>captandae</span> 
     </span>
     <span class='ocr_line' id='line_1_38' title="bbox 171 2495 1492 2535; baseline 0.002 -11"><span class='ocrx_word' id='word_1_357' title='bbox 171 2504 285 2526; x_wconf 79' lang='lat' dir='ltr'>caussa</span> <span class='ocrx_word' id='word_1_358' title='bbox 317 2495 533 2531; x_wconf 81' lang='lat' dir='ltr'>celebrantur,</span> <span class='ocrx_word' id='word_1_359' title='bbox 573 2504 760 2535; x_wconf 87' lang='lat' dir='ltr'>quamquam</span> <span class='ocrx_word' id='word_1_360' title='bbox 790 2495 833 2525; x_wconf 87' lang='lat' dir='ltr'>ad</span> <span class='ocrx_word' id='word_1_361' title='bbox 862 2495 990 2527; x_wconf 73' lang='lat' dir='ltr'>diversa</span> <span class='ocrx_word' id='word_1_362' title='bbox 1020 2498 1163 2534; x_wconf 81' lang='lat' dir='ltr'>tempora</span> <span class='ocrx_word' id='word_1_363' title='bbox 1186 2495 1363 2535; x_wconf 78' lang='lat' dir='ltr'>pertinent,</span> <span class='ocrx_word' id='word_1_364' title='bbox 1388 2495 1492 2526; x_wconf 78' lang='lat' dir='ltr'>ubivis</span> 
     </span>
     <span class='ocr_line' id='line_1_39' title="bbox 171 2539 1493 2581; baseline 0.001 -13"><span class='ocrx_word' id='word_1_365' title='bbox 171 2541 275 2569; x_wconf 85' lang='lat' dir='ltr'>tamen</span> <span class='ocrx_word' id='word_1_366' title='bbox 299 2541 448 2581; x_wconf 84' lang='lat' dir='ltr'>tanquam</span> <span class='ocrx_word' id='word_1_367' title='bbox 471 2548 585 2570; x_wconf 83' lang='lat' dir='ltr'>recens</span> <span class='ocrx_word' id='word_1_368' title='bbox 609 2540 716 2570; x_wconf 81' lang='lat' dir='ltr'>saetae</span> <span class='ocrx_word' id='word_1_369' title='bbox 747 2542 1038 2571; x_wconf 82' lang='lat' dir='ltr'>commemorantur.</span> <span class='ocrx_word' id='word_1_370' title='bbox 1083 2539 1130 2570; x_wconf 87' lang='lat' dir='ltr'>De</span> <span class='ocrx_word' id='word_1_371' title='bbox 1152 2540 1357 2580; x_wconf 76' lang='lat' dir='ltr'>temporibus,</span> <span class='ocrx_word' id='word_1_372' title='bbox 1380 2540 1493 2580; x_wconf 88' lang='lat' dir='ltr'>quibus</span> 
     </span>
     <span class='ocr_line' id='line_1_40' title="bbox 171 2582 1492 2625; baseline 0.002 -13"><span class='ocrx_word' id='word_1_373' title='bbox 171 2582 347 2622; x_wconf 64' lang='lat' dir='ltr'>Virgiliana</span> <span class='ocrx_word' id='word_1_374' title='bbox 377 2594 474 2625; x_wconf 85' lang='lat' dir='ltr'>opera</span> <span class='ocrx_word' id='word_1_375' title='bbox 505 2584 680 2624; x_wconf 79' lang='lat' dir='ltr'>composita</span> <span class='ocrx_word' id='word_1_376' title='bbox 710 2585 791 2620; x_wconf 82' lang='lat' dir='ltr'>sint,</span> <span class='ocrx_word' id='word_1_377' title='bbox 823 2585 916 2614; x_wconf 77' lang='lat' dir='ltr'>Serv.</span> <span class='ocrx_word' id='word_1_378' title='bbox 948 2583 990 2613; x_wconf 85' lang='lat' dir='ltr'>ad</span> <span class='ocrx_word' id='word_1_379' title='bbox 1019 2583 1096 2614; x_wconf 76' lang='lat' dir='ltr'>Aen.</span> <span class='ocrx_word' id='word_1_380' title='bbox 1128 2585 1196 2615; x_wconf 89' lang='lat' dir='ltr'>init.</span> <span class='ocrx_word' id='word_1_381' title='bbox 1220 2584 1299 2615; x_wconf 87' lang='lat' dir='ltr'>haee</span> <span class='ocrx_word' id='word_1_382' title='bbox 1321 2583 1492 2615; x_wconf 83' lang='lat' dir='ltr'>memoriae</span> 
     </span>
     <span class='ocr_line' id='line_1_41' title="bbox 170 2627 1491 2670; baseline 0.002 -12"><span class='ocrx_word' id='word_1_383' title='bbox 170 2627 325 2667; x_wconf 81' lang='lat' dir='ltr'>prodidit:</span> <span class='ocrx_word' id='word_1_384' title='bbox 348 2628 503 2666; x_wconf 78' lang='lat' dir='ltr'>„Amissis</span> <span class='ocrx_word' id='word_1_385' title='bbox 527 2637 603 2669; x_wconf 81' lang='lat' dir='ltr'>ergo</span> <span class='ocrx_word' id='word_1_386' title='bbox 626 2629 714 2669; x_wconf 83' lang='lat' dir='ltr'>agris</span> <span class='ocrx_word' id='word_1_387' title='bbox 738 2629 869 2660; x_wconf 86' lang='lat' dir='ltr'>Romam</span> <span class='ocrx_word' id='word_1_388' title='bbox 892 2628 997 2665; x_wconf 65' lang='lat' dir='ltr'>venit,</span> <span class='ocrx_word' id='word_1_389' title='bbox 1021 2631 1054 2659; x_wconf 87' lang='lat' dir='ltr'>et</span> <span class='ocrx_word' id='word_1_390' title='bbox 1075 2637 1152 2660; x_wconf 87' lang='lat' dir='ltr'>usus</span> <span class='ocrx_word' id='word_1_391' title='bbox 1174 2629 1350 2670; x_wconf 85' lang='lat' dir='ltr'>patrocinio</span> <span class='ocrx_word' id='word_1_392' title='bbox 1373 2628 1491 2660; x_wconf 82' lang='lat' dir='ltr'>Ponio-</span> 
     </span>
    </p>
   </div>
  </div>
 </body>
</html>
