1659 2948
682 206 958 247 —40ffl

351 318 458 367 „Qui
475 327 537 354 me
554 316 760 352 commorit
776 336 825 341 -
842 315 985 350 melius
1001 322 1084 349 non
1102 316 1269 360 canqere
1287 313 1416 350 clamo
1434 330 1483 338 -v

358 379 503 426 Flebit,
530 381 568 413 ec
590 377 814 422 insiynz's
838 377 944 410 tota
970 373 1272 409 cantabitur
1297 374 1458 410 urbe.77

159 440 321 478 Etiamsi
355 439 473 485 igitur
506 436 591 472 aliis
626 435 744 471 satira
776 433 891 470 nimis
927 432 1026 469 acris
1061 433 1100 468 et
1132 432 1294 469 mordax
1326 430 1383 486 (v.
1413 433 1485 486 1.),

160 500 246 537 aliis
273 500 357 536 sine
382 499 423 534 vi
449 499 488 533 et
514 496 701 542 gravitate
728 495 907 531 videatur
942 505 1049 542 esse,
1086 492 1237 528 etiamsi
1266 492 1330 538 jus
1365 497 1404 530 et
1423 494 1486 540 ju-

160 561 303 598 dicium
328 558 554 595 minitentur
580 556 645 593 alii
671 552 729 607 (v.
756 556 791 592 2.
819 551 924 607 81.)‚
960 554 1027 590 alii
1054 554 1232 589 exsilium
1257 554 1320 590 vel
1345 555 1487 592 favoris

155 621 346 667 jacturam
379 629 581 666 procerum
614 617 784 653 virorum
822 616 1076 653 vaticinentur
1102 610 1160 666 (v.
1187 611 1405 667 59—61.):
1430 618 1488 652 ta-

160 693 248 718 men
274 692 321 717 ea
338 680 467 716 omnia
484 691 525 716 se
545 690 682 727 parum
709 689 863 727 curare,
893 677 1035 724 quippe
1063 676 1129 723 qui
1157 675 1333 713 Caesaris
1359 677 1488 723 patro-

160 742 261 778 cinio
289 743 328 778 et
353 741 492 790 plausu
517 742 665 777 fruatur
691 742 730 775 et
758 739 894 785 dignos
922 740 1070 775 tantum
1104 736 1322 785 opprobriis
1357 739 1490 785 carpat

153 806 337 855 „inteqer
362 803 473 851 ips-9⁹²
500 796 557 851 (v,
586 796 797 853 83—85.).

260 866 368 908 Quae
396 874 482 901 cum
508 862 637 900 omnia
661 862 717 899 ita
743 862 888 910 scripta
915 862 1013 911 sint,
1048 864 1091 897 ut
1125 863 1263 909 poetae
1290 859 1492 896 consilium

161 938 209 964 ea
234 926 275 962 in
301 927 525 963 cunctorum
551 924 777 971 adspectum
802 924 1002 970 lucemque
1028 922 1249 969 proferendi
1265 932 1344 958 non
1368 920 1494 969 possit

160 998 239 1024 non
265 997 472 1036 apparere:
501 985 586 1034 quis
614 984 771 1021 tandem
806 984 957 1020 dubitet
992 983 1150 1018 satiram
1184 983 1360 1019 absoluto
1393 981 1493 1018 libro

160 1049 349 1096 prooemii
382 1048 467 1084 loco
503 1046 674 1084 additam
709 1057 816 1095 esse,
860 1047 904 1080 ut
938 1046 1020 1079 tum
1056 1054 1192 1079 caussa
1233 1042 1325 1079 novi
1364 1041 1493 1090 operis

162 1111 202 1145 et
227 1111 366 1156 poetae
393 1108 596 1144 consilium
623 1107 928 1155 explicarentur,
956 1107 1037 1141 tum
1062 1104 1186 1152 iniqui
1212 1114 1400 1153 rumores,
1428 1101 1495 1150 qui

160 1169 259 1207 libro
286 1169 315 1206 I.
344 1169 451 1206 edito
477 1168 788 1217 increbrueraut,
815 1162 1096 1213 rejicerenturl

260 1231 398 1267 Restat
431 1232 474 1267 ut
507 1230 597 1266 libri
630 1229 659 1265 Ι.
697 1229 856 1266 satiram
891 1228 950 1264 10.
996 1227 1190 1274 epilogum
1232 1236 1318 1261 esse
1361 1224 1495 1273 paucis

164 1292 387 1338 significem.
463 1291 604 1327 Merito
647 1290 860 1326 'Weicherh
905 1288 953 1325 de
997 1289 1086 1325 Var.
1133 1289 1173 1323 et
1218 1287 1324 1324 Cass.
1359 1297 1397 1334 p.
1434 1285 1494 1321 49.

163 1364 249 1389 eam
277 1352 377 1389 dixit
404 1351 621 1400 apologiam
649 1351 864 1387 studiorum
890 1348 1151 1397 poeticorum,
1178 1348 1220 1384 in
1247 1358 1346 1394 quae
1372 1348 1496 1383 Hora-

162 1414 239 1450 tius
274 1413 324 1450 ad
356 1413 452 1450 illud
486 1423 608 1460 usque
644 1415 796 1459 tempus
830 1410 1060 1447 incubuerit.
1123 1408 1283 1445 Orditur
1316 1418 1339 1443 a
1366 1406 1497 1443 defen-

164 1474 272 1511 sione
293 1473 432 1520 judicii
460 1473 507 1509 de
535 1473 683 1509 Lucilio
710 1473 751 1508 in
778 1472 855 1507 Sat.
885 1472 919 1506 4.
948 1471 1060 1519 facti,
1089 1468 1192 1517 quod
1217 1467 1399 1516 permulti
1424 1467 1497 1503 'mi-

164 1545 238 1583 que
273 1535 453 1571 tulerant.
506 1533 597 1570 Istis
634 1533 752 1579 igitur
785 1531 925 1568 Lucilii
960 1529 1258 1567 admiratoribus
1294 1531 1333 1564 et
1371 1539 1496 1564 novae

162 1595 293 1644 poesis
320 1594 498 1631 oson‘bus
533 1594 720 1642 illudens,
756 1603 870 1640 quam
896 1602 988 1627 vere
1011 1590 1257 1638 judicaverit,
1285 1589 1326 1626 in
1351 1590 1496 1636 majore

164 1657 319 1702 eclogae
346 1657 457 1703 parte
483 1655 633 1702 probat.
686 1655 784 1691 Tum
812 1664 834 1689 a
860 1665 895 1688 v.
916 1652 975 1688 72.
1004 1652 1060 1688 ita
1086 1650 1248 1688 inflectit
1267 1661 1495 1700 sermonem,

163 1720 228 1767 ut,
257 1717 348 1753 dum
373 1718 550 1752 accurate
579 1716 852 1762 eleganterque
882 1713 1085 1750 scribendo
1105 1722 1292 1749 summam
1318 1712 1497 1759 scriptori

163 1777 318 1815 laudem
345 1775 604 1825 quaerendam
638 1787 724 1812 esse
759 1774 931 1812 ostendit
956 1795 1007 1801 —
1039 1784 1118 1810 non
1142 1773 1279 1809 turbae
1306 1773 1377 1809 sed
1402 1784 1497 1821 pau-

165 1850 297 1876 corum
324 1837 637 1884 eruditorumque
664 1837 851 1873 lectorum
875 1857 925 1863 —
949 1836 1053 1871 tiam
1088 1834 1162 1872 sibi
1190 1836 1337 1870 sternat
1363 1834 1414 1870 ad
1438 1836 1497 1870 to-

165 1900 243 1936 tius
271 1899 412 1936 satirae
440 1909 637 1934 summam.
691 1897 861 1933 Insulsas
896 1896 1000 1942 vulgi
1034 1895 1297 1932 vellicationes
1324 1895 1379 1931 ait
1404 1906 1428 1932 a
1455 1906 1496 1932 se

165 1972 215 1997 ne
242 1960 353 1996 flocci
380 1959 535 2007 quidem
562 1959 738 1995 habitum
764 1959 824 1994 iri.
879 1958 1088 1994 Fautorum
1122 1956 1251 2005 potius
1280 1956 1496 1993 doctorum·

166 2031 242 2069 que
269 2020 478 2057 amicorum
503 2020 681 2067 plausum
709 2031 750 2055 se
789 2030 986 2066 quaerere.
1041 2019 1167 2061 Quem
1200 2018 1234 2053 si
1267 2019 1494 2054 consecutus

166 2082 303 2131 suerit,
331 2080 522 2117 cumulate
550 2079 624 2115 sibi
652 2080 892 2116 satisfactum
919 2091 1015 2115 csse.
1069 2078 1256 2127 Proinde,
1283 2078 1349 2114 ubi
1368 2078 1495 2125 splen-

167 2142 298 2178 didam
331 2143 524 2178 fautorum
558 2151 739 2177 coronam
773 2152 796 2176 a
823 2152 858 2175 v.
887 2139 932 2176 81
963 2150 1019 2187 sq.
1056 2150 1131 2187 qua
1157 2149 1228 2186 par
1254 2140 1337 2174 erat
1363 2138 1494 2175 obser-

169 2203 297 2239 vantia
325 2201 589 2251 compellavit,
616 2201 742 2249 pergit
769 2212 792 2237 a
818 2213 852 2237 v.
881 2200 964 2237 98.:

364 2283 414 2289 —
439 2263 585 2311 quibus
609 2263 730 2311 haec,
754 2266 851 2299 sanc
873 2263 1196 2310 qualiacunque,

366 2323 556 2361 Arre'dere
583 2325 698 2360 velim
702 2351 719 2373 2
746 2325 965 2371 dolituras,
991 2325 1026 2360 si
1049 2325 1240 2369 placeant
1262 2333 1332 2370 spe

366 2386 551 2421 Deterius
576 2389 725 2422 nostra.
777 2385 974 2432 Demetri,
1000 2389 1115 2432 teque
1119 2411 1135 2433 ,
1163 2385 1321 2433 Tigelli,

369 2446 669 2492 Discipulorum
693 2449 797 2482 inter
814 2444 942 2491 jubeo
965 2446 1131 2492 plorare
1156 2446 1379 2482 cathedras.

367 2507 408 2556 Ι,
431 2517 535 2554 puer
539 2534 555 2555 ,
583 2511 704 2554 atque
730 2517 816 2542 meo
844 2508 946 2542 citus
970 2507 1071 2543 llaec
1096 2506 1302 2543 subscribe
1328 2507 1469 2543 libello.

170 2570 380 2617 Quorsum,
409 2567 545 2604 amabo
572 2570 631 2616 te,
660 2567 754 2603 haec
782 2563 984 2614 spectant?
1037 2567 1114 2603 Cur
1139 2568 1321 2614 patronos
1345 2568 1383 2603 et
1401 2567 1492 2604 ami-
