1643 2959
666 926 816 1003 Cap.
869 930 988 986 Vl.

334 1052 382 1084 De
404 1053 599 1094 temporibus
623 1055 737 1095 quibus
761 1055 833 1087 libri
858 1056 916 1087 111.
941 1055 1082 1087 carmina
1106 1055 1225 1096 scripta
1249 1055 1324 1086 sint.

263 1246 505 1282 cAnMEN
531 1246 570 1283 1.
603 1247 713 1297 „odi
734 1244 998 1298 profanum”‚
1025 1258 1049 1285 a
1075 1258 1151 1296 quo
1173 1249 1289 1296 poeta
1315 1259 1385 1285 sex
1409 1248 1488 1296 pri-

163 1318 274 1345 orum
299 1308 413 1355 hujus
438 1307 529 1345 libri
555 1309 767 1345 carminum
800 1309 941 1346 seriem
974 1308 1144 1359 orditur,
1181 1319 1412 1359 eorumque,
1444 1312 1489 1346 ut

161 1369 247 1417 ipse
274 1369 349 1419 ait,
376 1381 461 1408 non
481 1372 598 1418 prius
625 1373 857 1408 auditorum
882 1370 919 1407 h.
948 1382 982 1407 e.
1015 1370 1236 1409 sublimiore
1262 1373 1488 1417 argumento

160 1441 184 1466 a
209 1430 419 1467 levioribus
445 1431 554 1478 lyrae
581 1443 674 1468 suae
700 1431 835 1469 Amori
861 1433 1011 1468 tantum
1037 1434 1076 1468 et
1101 1432 1192 1468 vino
1220 1431 1370 1469 dicatae
1393 1431 1488 1468 lusi-

158 1490 231 1528 bus
260 1491 506 1542 distantium‚
532 1513 585 1520 —
607 1504 687 1529 non
714 1492 860 1529 diserta
885 1493 1042 1541 quidem
1075 1494 1214 1530 aetatis
1247 1492 1393 1530 indicia
1417 1493 1486 1530 ha-

156 1552 245 1602 bet,
281 1552 351 1589 sed
382 1553 576 1601 probabili
608 1556 739 1591 tamen
770 1554 920 1591 ratione
955 1565 1057 1591 anno
1090 1554 1175 1590 726.
1203 1553 1392 1600 assignari
1416 1564 1486 1601 po-

156 1614 244 1649 test.
273 1609 363 1663 (Ita
389 1615 506 1652 etiam
533 1616 678 1652 Grotef.
713 1626 750 1663 p.
787 1616 871 1652 470.
899 1610 958 1667 a.)
1008 1613 1220 1663 Reputanti
1252 1615 1357 1651 enim
1388 1615 1484 1651 mihi

156 1673 391 1720 singularem
416 1687 487 1712 sex
510 1677 682 1724 priorum
707 1677 820 1723 hujus
838 1676 1043 1713 voluminis
1071 1675 1281 1713 carminum
1305 1677 1484 1712 naturam

152 1746 240 1771 cum
273 1737 491 1782 argumenti
524 1737 675 1774 delectu
708 1739 791 1774 tum
824 1738 1053 1774 tractatione
1087 1737 1202 1786 plane
1236 1736 1432 1773 diversam
1456 1747 1480 1786 a

153 1796 335 1847 reliquis,
361 1808 440 1834 non
466 1797 627 1835 dubium
651 1798 806 1835 videtur
832 1809 917 1835 esse
943 1799 1038 1846 quin
1064 1809 1111 1835 ea
1143 1808 1222 1835 non
1255 1796 1379 1834 solum
1403 1797 1481 1834 sin-

82 1893 83 1897 ,
153 1858 276 1904 gulari
303 1859 351 1895 de
378 1870 515 1896 caussa
539 1881 591 1888 —
616 1870 866 1908 quaecunque
901 1859 1055 1896 demum
1087 1860 1160 1896 suit
1185 1880 1235 1888 —
1268 1859 1481 1907 composita

153 1920 194 1955 et
222 1919 335 1965 juxta
361 1921 546 1957 collocata
585 1921 683 1971 sint,
724 1921 794 1958 sed
831 1921 1016 1969 temporis
1056 1921 1174 1957 etiam
1212 1921 1480 1967 cognationem

153 1980 333 2017 habeant.
386 1983 473 2019 Jam
507 1992 594 2019 cum
620 1993 651 2019 c.
680 1982 715 2019 6.
747 1984 933 2032 „Delicta
957 1981 1188 2029 majorum⁷²
1220 1982 1262 2018 in
1301 1982 1478 2019 confesso

155 2041 205 2077 sit
231 2042 417 2090 scriptum
444 2055 528 2079 esse
556 2055 593 2080 a.
619 2044 727 2093 726.,
762 2044 824 2080 vel
857 2044 913 2080 ita
946 2044 987 2080 in
1013 2043 1179 2080 eundem
1203 2043 1371 2092 primum
1395 2053 1476 2080 car-

153 2112 244 2138 men
269 2103 452 2140 incidisse
473 2103 562 2149 jure
588 2105 764 2141 dixerim.
817 2105 876 2141 Eo
909 2105 1032 2152 magis
1058 2107 1189 2141 autem
1214 2103 1475 2140 confidentilo-

151 2173 228 2210 quo
254 2165 349 2200 mihi
373 2165 508 2201 licebit
533 2165 605 2202 hoc
631 2166 672 2201 in
692 2165 841 2211 judicio
868 2177 952 2202 esse
955 2194 973 2215 2
1007 2176 1084 2214 quo
1117 2164 1239 2210 major
1264 2163 1474 2200 sententia-

150 2235 236 2260 rum
251 2226 290 2260 et
304 2225 529 2262 elocutionis
556 2226 765 2263 similitudo
787 2226 878 2263 huic
902 2226 1063 2263 carmini
1087 2224 1293 2261 intercedit
1307 2234 1386 2260 non
1412 2235 1473 2261 so·

151 2284 231 2321 lum
257 2296 343 2322 cum
369 2288 500 2336 sexto,
529 2287 600 2324 sed
626 2287 742 2324 etiam
768 2298 855 2324 cum
881 2297 995 2323 carm.
1022 2286 1071 2323 Π.
1101 2286 1159 2322 15.
1189 2285 1248 2322 16.
1276 2281 1344 2337 (cf.
1372 2286 1408 2331 3,
1436 2285 1470 2322 1.

151 2346 213 2382 fin.
243 2347 283 2382 et
307 2346 353 2396 2,
382 2347 439 2383 16.
467 2346 561 2401 fin.)
590 2348 648 2385 18.
676 2345 753 2400 (cf.
781 2359 816 2384 v.
846 2348 903 2385 14.
934 2347 992 2383 18.
1020 2348 1060 2383 et
1085 2346 1129 2397 3,
1158 2347 1192 2383 1.
1220 2341 1312 2398 33.)
1338 2347 1378 2382 et
1402 2345 1468 2383 111.

148 2406 210 2444 24.
239 2406 376 2444 eodem
399 2409 572 2456 tempore
599 2409 833 2458 compositis.
861 2429 912 2437 --
936 2408 1092 2446 Kirchn.
1119 2410 1147 2444 t.
1175 2407 1275 2444 chin:
1302 2406 1386 2443 736.

251 2528 493 2565 GARMEN
517 2529 580 2567 11.
623 2530 883 2580 „Anyustam
910 2531 1064 2567 amice⁷>
1089 2531 1129 2566 et
1154 2528 1281 2577 ipsum
1320 2530 1467 2566 Grotef.

148 2598 186 2638 p.
214 2588 297 2627 470.
325 2601 359 2628 a.
388 2601 487 2629 auno
513 2591 598 2628 726.
627 2590 819 2629 edolatum
845 2602 930 2628 esse
956 2590 1066 2629 dixit.
1118 2590 1248 2629 Recte.
1299 2589 1468 2628 Primam
