1659 2948
635 199 906 240 -20-.

114 317 226 356 quam
235 307 404 344 breviter
413 306 522 355 dixit,
540 307 669 354 poesis
680 307 848 343 studium
858 308 897 342 et
905 315 1073 341 amorem
1097 317 1122 353 p
1131 307 1171 342 ri
1181 318 1219 343 m
1226 318 1251 343 u
1261 317 1299 344 m
1324 307 1425 344 exci-

113 369 223 418 tavit,
251 368 320 405 sed
344 367 385 404 id
402 369 550 404 tantum
568 366 707 415 effecit,
734 368 788 414 ut,
808 365 870 401 cui
891 365 964 401 arti
984 365 1102 401 animi
1119 378 1253 404 caussa
1277 368 1428 416 pridem

113 429 274 465 indulsit
299 429 500 476 privatIm,
532 438 617 463 eam
636 427 717 471 ¹jam
742 426 784 461 in
808 436 850 461 re
878 425 1039 461 adversa
1064 425 1207 470 majore
1234 428 1361 464 studio
1387 431 1427 465 et

112 490 344 538 impensiore
371 498 489 535 opera
513 487 640 533 palam
665 487 872 522 exerceret.
934 486 1028 528 Quis
1047 485 1150 521 enim
1168 497 1239 533 pro
1255 487 1426 534 ipsorum

112 551 416 586 rudimentorum
449 546 609 582 artifieio
643 546 849 582 verisimile
887 546 988 582 dicat
1017 548 1083 582 aut
1108 546 1263 592 ingenio
1288 550 1426 595 poetae

111 611 286 658 dignum,
315 609 349 644 si
376 607 622 644 statuerimus
658 618 744 642 eum
771 609 852 643 tum
877 607 1043 654 primum
1069 609 1248 654 poemata
1274 609 1426 657 fecisse,

110 681 223 718 quem
258 668 308 705 ad
340 668 476 715 poesin
509 670 588 704 tam
617 668 825 715 proclivem
851 668 968 703 fuisse
995 670 1110 715 atque
1138 667 1179 703 in
1211 667 1338 715 poetis
1371 668 1428 704 ita

109 730 304 766 habitasse
338 729 536 778 novimus,
564 730 607 764 ut
632 729 694 764 vel
720 738 877 773 graecos
898 739 1032 764 versus
1059 727 1236 764 funderet
1261 724 1360 781 (Sat.
1390 727 1427 777 1,

109 791 166 827 10.
185 786 289 842 35.),
318 801 402 826 eum
416 790 587 826 Romana
605 789 784 825 utebatur
810 786 1038 836 disciplina?
1091 790 1218 832 Quare
1245 791 1284 825 et
1301 789 1427 826 Plauti

105 852 200 888 illud
234 847 371 903 (Stich.
403 851 445 899 1,
472 851 507 886 3.
536 847 640 902 24.):
669 850 905 898 „Paupertas
940 860 1072 885 omnes
1106 852 1209 886 artes
1242 850 1427 897 perdocet

105 912 172 949 ubi
198 922 312 960 quem
337 909 542 959 attingit‚“
571 912 610 946 et
636 910 738 957 quod
757 911 900 946 Seneca
919 910 1010 946 dicit
1028 906 1161 962 (epist.
1182 907 1263 963 15.)
1291 911 1425 960 „Quos

104 984 205 1009 nova
243 972 402 1009 artificia
442 973 563 1007 fames
608 970 787 1020 doeuit,“
831 972 870 1006 et
909 971 942 1006 si
984 981 1059 1018 qua
1105 971 1180 1007 alia
1217 971 1426 1007 afferuntur

105 1031 162 1084 (v.
189 1033 398 1069 Mitscherl.
420 1032 469 1067 ad
487 1032 547 1067 od.
568 1032 604 1081 3,
633 1032 691 1067 24.
711 1032 769 1067 42.
799 1031 962 1068 Sehmid.
993 1031 1042 1067 ad
1068 1031 1179 1079 epist.
1207 1031 1244 1080 2,
1271 1031 1306 1066 2.
1326 1028 1424 1084 51.),

103 1095 158 1130 ita
184 1095 332 1130 tantum
357 1092 399 1127 in
423 1092 574 1127 Horatii
600 1094 867 1139 paupertatem
897 1092 1037 1128 cadunt
1055 1087 1136 1143 ⁵²),
1165 1093 1352 1140 quatenus
1379 1103 1426 1128 ea

103 1155 154 1191 ad
186 1165 325 1190 novam
360 1154 399 1188 et
433 1152 665 1198 singularem
698 1152 827 1200 poesis
863 1153 1030 1200 speeiem
1071 1152 1347 1201 procreandam
1386 1154 1425 1188 et

104 1212 412 1252 conformandam
439 1213 656 1260 compulsus
684 1215 723 1249 et
741 1213 957 1249 stimulatus
976 1215 1046 1249 est.
1098 1214 1158 1250 Ita
1181 1215 1317 1261 sponte
1336 1223 1423 1260 per-

102 1276 275 1312 venimus
310 1273 358 1310 ad
391 1273 580 1320 primitias
618 1274 851 1310 Horatianae
890 1274 1031 1321 poesis.
1090 1274 1266 1321 Abrupto
1306 1274 1425 1319 igitur

101 1337 204 1372 vitae
239 1335 308 1371 filo
343 1334 445 1381 quod
478 1335 653 1370 nevimus
693 1335 873 1371 continuo
906 1334 947 1369 in
986 1334 1110 1382 ipsam
1152 1333 1424 1382 disputationis

101 1408 227 1433 arcem
253 1395 488 1431 invadamus.
541 1395 626 1437 Qua
642 1395 682 1430 in
707 1406 749 1431 re
767 1406 853 1431 cum
869 1394 1001 1442 multa,
1030 1405 1127 1441 quae
1153 1394 1254 1429 infra
1270 1394 1424 1429 demum

101 1456 384 1504 probabuntur,
434 1457 783 1502 praeoccupaturus
827 1455 919 1502 sim,
970 1454 1200 1489 benevolum
1239 1453 1421 1489 lectorem

101 1517 286 1553 monitum
311 1517 562 1561 rogatumque
597 1516 732 1563 velim,
767 1516 830 1564 ut,
866 1516 1071 1560 antequam
1097 1514 1311 1549 commenta
1340 1524 1420 1549 cre-

101 1579 187 1626 pet⁷
215 1587 312 1623 quae
334 1574 449 1619 justis
475 1574 516 1609 in
548 1573 675 1621 priore
710 1576 818 1621 parte
846 1574 1030 1609 destituta
1056 1575 1145 1610 sunt
1170 1573 1418 1624 argumentis,

101 1638 259 1674 alteram
285 1635 475 1682 inspicere
502 1644 550 1670 ne
578 1633 816 1681 dedignetur.

187 1776 246 1815 52)
271 1774 471 1814 supersedeo
504 1784 610 1805 eorum
634 1774 833 1814 opinationes
865 1775 1025 1811 refutare,
1063 1774 1115 1814 qui
1137 1774 1320 1812 Horatium,
1362 1777 1418 1805 aut

99 1822 133 1851 ut
156 1821 256 1851 vitam
280 1821 475 1849 sustentaret
498 1821 554 1848 aut
577 1822 612 1849 ut
633 1819 849 1849 innotesceret
873 1822 904 1849 et
927 1820 958 1849 in
974 1819 1152 1859 potentium
1168 1819 1325 1849 hominum
1340 1828 1417 1858 gra-

97 1865 174 1894 tiam
197 1873 233 1893 se
255 1864 441 1900 insinuaret,
464 1863 597 1903 primum
621 1873 733 1893 versus
756 1864 873 1893 fecisse
896 1863 956 1893 sibi
980 1865 1219 1903 persuaserunt.
1259 1863 1418 1894 Neutrum

98 1907 169 1938 fieri
191 1907 295 1946 potuit
317 1908 441 1937 acerbis
464 1907 526 1937 illis
544 1909 576 1937 et
593 1907 828 1937 contumeliosis
845 1908 1011 1947 poematis,
1035 1908 1148 1947 quibus
1164 1909 1288 1937 tantum
1303 1908 1417 1938 aberat

97 1955 133 1982 ut
156 1951 288 1982 divitias
311 1951 506 1990 aliorumque
528 1951 670 1981 savorem
696 1952 756 1981 sibi
781 1954 996 1991 compararet,
1020 1954 1055 1981 ut
1078 1951 1279 1989 inimicitias,
1303 1951 1415 1981 simul—

97 1997 202 2031 tates,
242 1994 326 2024 odia.
385 1994 428 2024 Et
452 2004 520 2024 eum
544 2004 603 2024 nee
626 1994 665 2024 de
689 1996 853 2025 Sosiorum
884 1995 1032 2034 praemiis
1064 1995 1117 2024 illa
1140 1997 1248 2025 aetate
1280 1995 1414 2034 cogitari

97 2040 200 2080 possit
223 2038 382 2073 (Passov.
414 2039 471 2069 vit.
494 2040 559 2068 not.
584 2038 659 2069 104.
683 2048 713 2078 p.
738 2040 825 2077 38.),
851 2048 909 2069 nec
931 2039 1055 2068 omnino
1078 2038 1232 2068 Horatius
1255 2039 1295 2068 ab
1321 2039 1413 2068 initio

96 2086 245 2123 poemata
266 2083 384 2123 publici
404 2082 488 2122 juris
512 2082 618 2112 facere
641 2083 778 2112 voluerit
802 2084 894 2115 (Sat.
918 2082 949 2120 1,
973 2083 1004 2113 4.
1030 2082 1127 2121 71.)‚
1151 2082 1239 2122 prior
1260 2082 1313 2112 illa
1336 2091 1412 2112 sen-

96 2128 200 2158 tentia
222 2136 262 2157 ne
278 2127 373 2157 hilum
396 2126 521 2166 quidem
544 2126 778 2166 probabilitatis
802 2126 908 2157 habet.
955 2126 1020 2157 Sed
1037 2126 1139 2156 altera
1155 2135 1295 2165 quoque,
1321 2135 1413 2165 quam

96 2171 180 2202 inter
209 2171 288 2201 alios
319 2170 492 2201 Weichert.
523 2180 554 2209 p.
585 2179 609 2199 r.
634 2179 707 2209 pag.
732 2170 807 2201 453.
840 2171 879 2201 de
902 2169 979 2200 Var.
1011 2172 1043 2200 et
1067 2170 1159 2200 Cass.
1191 2179 1221 2209 p.
1246 2170 1298 2200 39.
1321 2169 1354 2209 §.
1379 2170 1411 2200 7.

97 2215 188 2245 Pass.
213 2215 271 2245 vit.
294 2217 359 2244 not.
377 2214 451 2246 104.
476 2216 508 2244 et
524 2214 647 2244 Grotef.
665 2224 695 2253 p.
714 2214 790 2245 459.
815 2215 847 2244 b.
871 2223 959 2244 suam
974 2213 1129 2251 fecerunt,
1153 2213 1249 2252 digna
1265 2215 1314 2244 est
1330 2223 1412 2253 quae

97 2259 247 2290 oblivioni
269 2258 372 2288 detur.
403 2259 483 2289 Rem
505 2267 565 2288 acu
589 2258 698 2297 tetigit
719 2257 884 2289 Kirchner.
908 2259 939 2288 in
963 2260 1086 2297 quaest.
1109 2268 1140 2297 p.
1163 2257 1206 2288 15
1221 2267 1269 2297 sq.
1286 2260 1351 2288 not.
1368 2257 1410 2293 4..

98 2304 186 2343 cujlls
208 2305 389 2334 accuratam
412 2302 660 2343 disputationem
682 2302 800 2342 legisse
823 2302 1000 2344 poenitebit
1023 2302 1189 2333 neminem.
