1679 2948
691 190 744 194 -
800 166 857 207 90
913 189 965 195 ,-

169 278 290 323 esset,
317 278 400 314 tum
425 285 475 313 ne
501 274 662 311 mortuis
688 273 846 322 quidem
864 274 1114 321 pepercisset.
1168 275 1296 319 Quare
1319 277 1496 314 uberiore

167 338 240 375 hae
273 338 426 385 Tigellii
460 335 640 373 irrisione
675 346 716 371 se
751 345 830 371 non
862 335 1056 372 immerito
1090 345 1215 384 nuper
1256 338 1292 374 ei
1328 339 1496 376 illusisse

166 399 358 449 ostendit,
393 400 509 446 atque
544 397 586 433 in
619 396 769 444 reliqua
804 396 946 433 satirae
985 399 1120 447 parte,
1162 396 1256 434 dum
1289 400 1497 437 amicorum

165 462 261 498 vitia
293 459 434 497 leniter
466 457 626 495 ferenda
666 468 739 495 nec
782 458 912 495 omnia
953 460 1114 506 peccata
1156 458 1359 496 fastidiose
1400 472 1497 508 pre-

163 521 305 559 menda
331 531 416 557 esse
444 520 626 570 exponit,
662 531 685 557 a
719 520 879 557 crimine
918 520 1147 557 temerariae
1182 520 1388 557 vellicandi
1410 522 1498 559 libi-

164 583 266 620 dinis
294 593 380 619 sese
409 581 604 631 defendit,
639 583 679 617 et
708 583 859 618 tantum
885 581 1064 618 candoris
1101 582 1230 619 animo
1264 593 1335 618 suo
1369 582 1498 620 inesse

162 644 324 694 probat,
360 645 546 692 quantum
579 645 686 679 atrae
725 642 815 680 bilis
851 643 1044 680 criminati
1086 643 1164 679 sint
1205 643 1497 681 obtrectatores,

161 706 223 743 lta
249 705 344 742 satis
370 706 494 742 artam
520 706 683 753 apparet
709 705 997 742 cohaerentiam
1015 716 1102 741 esse
1128 705 1231 742 inter
1257 706 1292 742 2.
1321 707 1361 741 et
1374 700 1409 741 3.
1439 715 1498 741 sa-

161 769 287 805 tiram.
339 767 547 804 Praeterea
580 777 667 804 cum
700 767 855 813 Tigellii
889 766 1076 803 memoria
1107 766 1281 804 nondum
1308 766 1500 803 exstincta

163 830 291 878 esset,
314 828 382 865 vix
407 829 563 876 poterat
580 837 721 874 magna
745 828 932 876 temporis
958 828 1210 876 intercapedo
1237 829 1341 865 inter
1355 828 1498 864 utrius-

161 901 238 938 que
265 890 585 938 compositionem
612 900 710 925 esse.
762 890 940 926 Alterum
974 889 1078 937 quod
1103 890 1238 939 posui,
1276 889 1436 926 satiram
1461 889 1497 925 3.

161 951 272 988 brevi
306 953 397 999 post
431 951 598 999 primam·
628 950 943 995 congressionem
970 951 1155 997 scriptam
1189 961 1299 999 esse,
1331 950 1499 998 primum

160 1012 348 1061 probatur
375 1014 624 1061 argumento,
652 1021 728 1059 quo
755 1011 902 1047 nullum
928 1013 1045 1060 poeta
1062 1011 1191 1059 aptius
1219 1011 1362 1057 eligere
1388 1012 1499 1058 pote-

160 1076 222 1110 rat
256 1072 306 1109 ad
341 1073 581 1110 Maecenatis
616 1073 787 1109 animum
823 1073 898 1110 sibi
941 1073 1225 1110 conciliandum
1267 1080 1505 1120 omnemque·

160 1134 412 1180 malignitatis
448 1134 710 1182 suspicionem
735 1133 1011 1170 removendam
1045 1129 1114 1186 (cf.
1151 1133 1309 1170 Kirchn.
1347 1135 1496 1181 quaest.

160 1206 198 1245 p.
227 1196 287 1232 53.
316 1193 353 1246 ξ.
381 1195 465 1248 9.);
494 1195 636 1231 deinde
662 1206 756 1232 vero
785 1194 914 1232 verbis
941 1195 1038 1231 illis:
1067 1196 1262 1244 „qualem
1287 1205 1352 1231 me
1375 1204 1501 1242 saepe

160 1258 327 1296 libenter
353 1257 566 1295 obtulerim
602 1257 692 1305 tibi,
726 1257 988 1295 Maecenas.»
1045 1256 1153 1293 Haec
1188 1255 1292 1291 enim
1327 1255 1499 1304 „timidi-

160 1321 281 1355 tatem
308 1317 503 1367 quandam
529 1320 644 1365 atque
672 1317 861 1354 incertam
887 1327 973 1354 sese
1001 1317 1161 1363 gerendi
1194 1317 1385 1352 rationem
1412 1325 1498 1353 eum

158 1380 346 1426 longioris
373 1390 466 1416 usus
494 1381 609 1427 atque
637 1379 909 1415 familiaritatis
938 1377 1170 1415 confidentia
1195 1388 1332 1425 parum
1358 1386 1498 1415 conve-

159 1441 358 1478 nientem''
385 1440 550 1489 prodere
578 1441 723 1487 optime
750 1440 952 1488 perspexit
981 1440 1181 1476 Kirchner.
1202 1441 1350 1487 quaest.
1370 1450 1408 1487 p.
1435 1439 1494 1475 53.

159 1502 197 1553 §.
225 1503 261 1539 8.
314 1503 396 1539 lam
434 1513 520 1539 cum
554 1502 739 1539 Horatius
775 1504 842 1537 aut
876 1512 910 1538 a.
947 1501 1031 1537 715.
1068 1503 1236 1537 exeunte
1274 1502 1342 1536 aut
1384 1500 1498 1538 initio

160 1564 359 1612 sequentis
374 1564 642 1599 Maecenatem
659 1563 827 1610 primum
845 1561 1083 1610 convenerit,
1101 1561 1302 1608 probabile
1316 1561 1372 1611 fit,
1398 1563 1496 1599 sata·-

158 1636 252 1664 ram
277 1627 319 1662 3.
346 1626 415 1662 illo
441 1625 595 1661 circiter
611 1628 787 1671 tempore
811 1625 848 1661 Ιι.
875 1635 907 1661 e.
933 1624 1061 1660 hieme
1079 1633 1174 1659 ann.
1196 1623 1302 1659 715.
1327 1627 1363 1659 el
1389 1624 1493 1660 716.

159 1690 383 1725 eal-aratam
407 1695 504 1722 esse.
555 1684 616 1721 lta
640 1684 889 1721 Weichertus
918 1694 1070 1732 quoque
1099 1683 1236 1720 statuit
1263 1682 1311 1719 de
1337 1683 1427 1720 Var.
1456 1687 1496 1720 et

161 1749 268 1786 Cass.
295 1757 332 1795 p.
362 1747 421 1783 44.
450 1748 552 1794 poet.
573 1746 640 1782 rel.
659 1757 697 1794 p.
718 1746 824 1794 454„
853 1748 893 1782 et
918 1746 1073 1782 Passow
1104 1745 1170 1781 vit.
1190 1745 1280 1781 Hor.
1308 1746 1388 1781 not.
1410 1744 1495 1782 166.

161 1806 224 1862 [in
250 1807 342 1846 edit.
371 1810 442 1845 sat.
472 1803 670 1860 (Berolin.
702 1804 848 1859 1827.)
877 1816 963 1854 pag.
1001 1807 1059 1843 19.
1097 1817 1130 1843 a.
1167 1803 1417 1860 715—18.].
1444 1827 1496 1835 —-

159 1871 359 1909 Kirchner.
396 1870 437 1905 in
472 1870 621 1917 quaest.
656 1880 693 1917 p.
730 1867 788 1904 52.
826 1865 862 1917 §.
899 1868 1039 1904 7—9.
1078 1877 1164 1904 eam
1198 1869 1366 1904 exeunte
1392 1877 1494 1904 anno

158 1932 244 1969 716.
273 1933 340 1968 aut
365 1930 478 1967 initio
506 1930 705 1978 sequentis
731 1929 913 1978 scriptam
940 1932 1072 1979 putat3
1100 1930 1247 1967 Grotes.
1275 1939 1313 1977 p.
1341 1928 1425 1966 461.
1453 1928 1491 1966 b.

161 2004 262 2031 anno
287 1991 374 2029 718.

261 2052 480 2090 smum
513 2051 594 2088 W·
638 2054 838 2102 „Eupolis
881 2057 1001 2101 atque
1044 2052 1263 2090 Cratinus»
1299 2052 1349 2088 ob
1389 2062 1490 2088 vers.

160 2115 221 2152 91.
250 2117 289 2151 et
314 2115 396 2152 92.:
424 2124 531 2164 „eqo
565 2115 602 2151 si
625 2116 719 2163 risi,
753 2115 864 2162 quocl
895 2116 1055 2161 ineptus
1089 2114 1280 2150 Pastillos
1313 2109 1492 2158 Rufillus

161 2178 258 2224 olel,
295 2176 533 2224 (ἴανῃοηὶιιε
565 2175 766 2224 hircanos>
790 2175 831 2211 in
857 2175 998 2222 quibus
1024 2173 1232 2222 respicitur
1257 2185 1292 2209 v.
1322 2173 1382 2210 27.
1410 2174 1489 2211 Sat.

162 2238 198 2287 1,
225 2237 284 2287 2.,
313 2237 512 2274 evidenter
537 2239 627 2284 post
653 2236 751 2273 hanc
779 2238 935 2272 exarata
962 2237 1044 2285 est,
1070 2238 1108 2271 ct
1135 2235 1308 2283 proxime
1335 2234 1491 2282 quidem

161 2300 252 2347 post
276 2298 441 2335 tertiam.
494 2299 560 2335 Nil
586 2300 689 2335 certe
715 2297 829 2334 video
856 2296 960 2345 quod
985 2296 1074 2333 huic
1097 2297 1307 2344 suspicioni
1333 2295 1490 2342 objicia-

162 2363 246 2409 tur,
283 2361 323 2396 et
356 2359 468 2407 plura
501 2362 589 2395 sunt
623 2370 721 2408 quae
758 2359 965 2396 stabiliant.
1019 2356 1117 2395 Rem
1149 2358 1205 2394 ita
1239 2368 1281 2394 se
1307 2356 1493 2394 habuisse

163 2420 366 2469 probabile
390 2422 460 2470 est.
515 2420 591 2463 Qui
616 2421 747 2468 inique
775 2421 957 2469 tulerant,
985 2419 1089 2468 quod
1105 2418 1287 2461 Horatius
1313 2418 1355 2454 in
1371 2418 1493 2456 satira·

163 2483 199 2519 2.
229 2492 412 2530 perversa
436 2481 633 2518 hominum
660 2481 789 2517 studia
814 2483 853 2517 et
886 2490 1026 2529 pravos
1053 2490 1179 2517 mores
1212 2479 1332 2517 libere
1358 2482 1489 2516 notas-

167 2545 248 2593 set,
276 2545 316 2581 et
348 2544 426 2594 ita,
460 2544 507 2579 ut·
536 2543 597 2580 vel
631 2542 825 2580 nobilibus
859 2542 952 2579 viris
988 2544 1028 2579 et
1053 2541 1245 2591 primariis
1271 2541 1490 2589 petulanter
