1659 2948
660 226 935 268 „27—

133 336 248 374 sortis
275 335 542 372 aestimatione
568 335 920 386 felicitatemjsitam
935 346 1042 386 esse,
1069 335 1456 384 expressissequam-

130 398 190 435 vis
228 397 409 435 breviter.
471 397 543 435 Cui
580 399 822 445 conjecturae
861 398 1114 446 qualicunque
1149 399 1192 433 ut
1223 396 1458 448 indulgeam,

129 469 209 496 non
242 461 321 496 tam
355 459 515 496 aliorum
549 469 701 507 quoque
734 470 916 496 versuum
948 462 988 496 et
1022 459 1300 496 sententiarum
1326 459 1460 496 simili-

129 520 225 557 tudo
260 517 328 573 (cf.
357 521 497 567 Georg.
526 520 562 570 27
590 520 674 557 508.
704 522 743 556 et
769 521 846 557 Sat.
877 533 910 557 v.
939 521 998 558 41.
1035 522 1174 567 Georg.
1200 521 1285 558 513.
1314 522 1354 556 et
1379 521 1458 557 Sat.

129 581 190 618 28.
220 583 360 627 Georg.
388 582 473 618 502.
503 581 551 618 de
578 581 743 620 diversis
762 581 961 618 hominum
980 580 1139 634 studiis)
1166 593 1227 619 me
1245 583 1460 631 permovet,

131 654 246 691 quam
273 643 376 691 quod
402 644 503 679 hunc
529 643 657 690 ipsum
680 643 808 679 locum
831 654 964 679 rursus
991 643 1163 679 imitatus
1191 645 1252 680 est
1275 643 1460 680 Horatius

128 705 171 741 in
197 704 310 752 epod.
339 705 373 740 2.
395 705 581 753 „Beatus
606 705 700 740 πῖθ’)
727 704 796 739 sed
821 706 901 740 tam
928 703 1112 749 singulari
1137 705 1272 749 modo,
1301 706 1345 741 ut
1371 715 1461 742 con-

129 766 257 802 silium
291 764 396 812 quod
428 764 608 800 habuerit
641 765 708 800 vix
741 767 859 812 queat
891 758 1072 812 perspici.
1125 765 1281 801 Etenim
1315 767 1463 801 certum

127 826 284 874 quidem
311 827 370 861 est
397 827 436 861 et
462 825 742 876 indubitatum,
770 826 1009 863 Venusinum
1035 826 1076 862 in
1102 825 1342 862 celebrandis
1358 826 1462 863 vitae

125 887 294 924 rusticae
332 887 512 923 laudibus
552 887 741 936 pressisse
780 888 932 934 Virgilii
977 887 1142 933 vestigia
1180 883 1463 938 (Agnoverunt

121 948 204 994 jam
239 948 363 985 Schol.
401 949 446 985 cf.
483 949 640 986 Kirchn.
676 950 753 986 Sat.
788 949 846 986 ed.
875 950 982 987 Tom.
1011 949 1039 985 I.
1068 960 1104 997 p.
1132 949 1218 985 200.
1248 950 1395 997 quaest.
1423 959 1461 996 p.

124 1010 186 1046 29.
215 1008 251 1060 ξ.
280 1006 386 1062 54.),
416 1010 484 1046 sed
512 1022 577 1047 eas
605 1022 673 1047 cur
697 1011 796 1047 Alfio
822 1010 1058 1047 foeneratori
1081 1010 1275 1060 tribuerit,
1304 1012 1343 1046 et
1370 1009 1463 1057 quid

126 1072 256 1109 subita
297 1072 438 1108 mentis
488 1073 756 1109 immutatione
800 1072 912 1109 istius
955 1072 1121 1110 hominis
1166 1072 1242 1108 sibi
1282 1071 1462 1120 voluerit,

124 1134 244 1169 etiam
269 1144 372 1170 nunc
399 1133 558 1170 dubium
584 1137 655 1171 est.
707 1134 804 1172 Vide
839 1137 970 1171 autem
1005 1145 1120 1182 quam
1153 1144 1204 1169 ex
1235 1135 1370 1170 nostra
1402 1143 1463 1169 ra-

123 1195 230 1231 tione
265 1195 395 1232 omnia
429 1195 508 1232 sint
542 1196 738 1245 explicatu
780 1196 920 1233 facilia.
985 1196 1244 1243 Expresserat
1277 1193 1463 1231 Horatius

122 1256 165 1292 in
198 1256 273 1292 fine
309 1257 457 1293 Satirae
492 1258 640 1306 primae
674 1257 765 1294 libri
798 1258 827 1294 Ι.
864 1257 1012 1293 exitum
1047 1256 1276 1302 Georgicon.
1338 1255 1464 1298 Quam

122 1317 305 1355 blandam
344 1319 632 1355 observantiam
673 1330 760 1355 cum
795 1319 981 1365 Virgilius
1028 1318 1200 1354 vicissim
1246 1317 1464 1367 imitatione

125 1382 437 1429 compensasset,
465 1381 530 1417 ifle
549 1382 749 1428 praeclara
765 1381 1024 1417 aemulatione
1042 1379 1191 1416 effinxit
1207 1379 1463 1425 virgilianum

123 1441 252 1477 locum
277 1441 319 1476 in
346 1441 457 1488 epod.
486 1442 543 1490 2.,
571 1444 702 1478 tamen
726 1444 770 1478 ut
788 1453 858 1490 pro
884 1442 1024 1478 festivo
1052 1453 1121 1478 suo
1147 1441 1305 1487 ingenio
1333 1441 1463 1486 singu-

122 1502 194 1538 lari
213 1501 393 1538 carminis
413 1501 690 1548 compositione
708 1503 892 1550 probaret
907 1503 1091 1550 Virgilio,
1119 1505 1277 1539 etiamsi
1300 1506 1466 1539 nossem

124 1574 196 1599 sua
221 1562 326 1598 bona
352 1561 541 1611 homines,
561 1564 691 1598 tamen
709 1574 775 1598 eos
794 1564 931 1599 insana
939 1564 1051 1610 plura
1060 1563 1230 1599 habendi
1249 1562 1462 1610 cupiditate

122 1636 146 1661 a
164 1623 434 1670 cognoscenda
450 1623 777 1671 percipiendaque
805 1624 989 1671 cujusque
1018 1623 1132 1660 sortis
1159 1623 1344 1660 felicitate
1370 1623 1463 1661 reti-

121 1687 219 1723 neri.
279 1685 400 1722 Alfius
436 1685 499 1721 ille
534 1687 647 1721 norat
681 1685 838 1733 quidem
872 1685 975 1721 vitae
1010 1685 1178 1722 rusticae
1215 1685 1461 1734 suavitatem,

123 1748 193 1785 sed
217 1747 314 1784 lucri
349 1745 478 1783 studio
514 1748 649 1795 captus
683 1757 755 1783 nec
789 1748 943 1795 poterat
976 1757 1048 1783 nec
1082 1746 1238 1783 volebat
1269 1757 1356 1783 eam
1382 1757 1461 1783 am-

122 1809 251 1858 plecti.
279 1830 331 1837 —
382 1809 468 1852 Qua
494 1809 650 1845 amabili
676 1808 965 1845 Mercurialium
987 1808 1156 1844 virorum
1176 1807 1462 1845 concertatione

123 1871 206 1907 fieri
231 1881 311 1906 non
336 1871 493 1917 poterat
520 1870 614 1917 quin
641 1881 774 1905 eorum
809 1871 1001 1918 fautores,
1038 1880 1201 1917 quorum
1233 1869 1276 1905 in
1310 1869 1462 1905 erudito

124 1942 309 1969 consessu
343 1932 524 1978 poemata
565 1930 850 1979 recitabantur,
892 1941 1136 1978 summopere
1178 1930 1462 1967 delectarentur

123 1995 163 2029 et
190 1995 272 2028 tum
299 2003 457 2028 suavem
483 1991 634 2037 Virgilii
661 1992 830 2027 animum
863 1993 946 2027 tum
976 1991 1153 2028 callidam
1177 1991 1330 2027 Horatii
1355 1992 1462 2028 festi-

123 2055 285 2091 vitatem
312 2053 595 2090 admirarentur
622 2055 661 2088 et
687 2051 844 2100 plurimi
869 2053 1051 2089 facerent.

222 2116 423 2152 Postremo
449 2115 569 2151 altum
596 2114 811 2164 silentium,
849 2114 952 2162 quod
979 2114 1025 2150 de
1055 2114 1220 2151 Caesare
1248 2114 1461 2152 Octaviano

123 2178 282 2226 ejusque
316 2177 433 2214 rebus
460 2176 579 2222 gestis
606 2176 648 2212 in
672 2176 772 2212 libro
797 2176 827 2212 Ι.
857 2177 1084 2213 Sermonum
1110 2175 1235 2213 tenuit
1260 2176 1459 2225 Horatius,

123 2240 256 2276 nescio
284 2250 334 2275 an
360 2239 531 2275 omnium
558 2238 828 2284 gravissimum
847 2237 1118 2275 documentum
1145 2239 1215 2288 sit,
1243 2248 1320 2286 quo
1346 2237 1461 2284 hujus

124 2300 331 2337 voluminis
368 2300 648 2337 confectionem
683 2302 722 2336 et
756 2300 967 2336 editionem
1001 2300 1102 2336 ultra
1131 2310 1219 2336 ann.
1248 2311 1285 2335 u.
1314 2310 1346 2335 c.
1374 2299 1459 2335 720.

125 2365 298 2411 proferre
337 2364 523 2398 vetemur.
592 2363 681 2399 Non
719 2361 823 2397 enim
861 2361 1018 2398 fortuito
1062 2361 1104 2398 id
1143 2360 1352 2410 accidisse,
1392 2360 1462 2396 sed

128 2425 302 2461 consulto
344 2424 547 2460 Horatium
587 2423 634 2460 de
674 2423 906 2470 imperatore
946 2423 1135 2473 tacuisse,
1177 2425 1217 2459 et
1254 2423 1462 2471 propterea

129 2486 284 2531 quidem
311 2485 412 2534 quod
437 2485 608 2521 nondum
634 2484 684 2521 ad
710 2484 792 2530 ejus
819 2486 950 2533 partes
976 2486 1184 2522 transierat
1212 2486 1251 2520 et
1277 2484 1458 2521 sollicitu-

129 2545 218 2582 dine
241 2559 288 2584 ac
313 2557 487 2584 moerore
514 2547 710 2583 consectus
736 2557 814 2583 non
835 2547 961 2584 minus
987 2547 1089 2584 hunc
1116 2557 1232 2596 quam
1248 2546 1459 2584 Antonium
