1659 2948
639 192 916 234 „39-

117 301 319 339 consilium
344 304 507 352 poetae,
535 303 601 351 qui
629 305 792 350 cognato
818 306 1044 351 argumento
1063 305 1113 341 ad
1131 307 1338 352 cognatum
1364 319 1450 345 sen-

115 363 324 400 tentiarum
350 363 555 400 decursum
588 364 651 400 vel
683 365 829 401 inscius
857 365 1044 402 deductus
1079 368 1149 403 est.
1205 367 1452 417 Quapropter

115 425 233 462 etiam
258 425 314 462 ita
339 426 504 473 primam
529 426 619 463 libri
643 426 673 462 Ι.
702 427 860 463 satiram
886 427 1088 475 prologum
1115 439 1200 466 esse
1220 430 1421 467 evincitur.

211 486 398 534 Apertius
424 489 563 535 poetae
590 487 793 524 consilium
820 490 881 525 est
906 489 948 525 in
975 489 1094 526 satira
1118 489 1208 527 libri
1234 491 1283 529 H.
1311 492 1449 540 prima.

111 547 286 584 Pertinet
313 548 363 584 ad
388 548 544 585 tertiam
579 559 694 596 quam
731 549 847 597 posui
882 550 1166 597 prooemiorum
1192 553 1383 604 speciem,
1410 554 1452 590 in

112 608 253 656 quibus
272 610 469 657 scriptoris
490 610 693 647 consilium
715 612 754 646 et
779 612 946 647 tractata
962 612 1128 648 materia
1145 612 1364 651 defenditur
1376 610 1449 667 22).

111 669 282 707 Primum
307 671 426 716 igitur
461 681 570 707 suam
603 671 654 707 ad
688 671 936 708 scribendum
968 673 1269 720 propensionem
1295 676 1450 712 interno

111 731 241 780 aliquo
281 731 435 768 stimulo
475 732 568 767 oriri
604 731 698 768 dicit
733 728 800 784 (y.
835 733 870 769 5.
906 743 1060 780 nequeo
1096 732 1319 789 dormire.)
1374 737 1450 774 Suo

111 803 302 841 quemque
330 792 513 829 delectari
531 791 673 842 studio,
703 803 744 828 se
763 793 875 840 poesi
892 789 950 844 (v.
969 790 1066 847 26.).
1090 794 1258 832 Proinde
1287 797 1451 845 scriptu-

108 864 195 891 rum
221 865 263 890 se
291 864 399 903 esse,
428 863 682 901 quaecunque
700 853 804 890 vitae
822 855 953 892 futura
980 856 1033 892 sit
1060 856 1232 894 conditio
1251 853 1309 910 (V.
1329 858 1376 894 57
1393 869 1449 906 sq.

109 926 145 953 v.
172 916 233 952 60.
287 915 473 964 Quisquis
501 914 575 951 erit
600 915 726 965 vitae,
755 916 943 967 scribam,
971 913 1122 969 colon).
1173 918 1248 955 His
1273 919 1329 955 nil
1347 919 1452 956 aliud

108 977 252 1026 voluit,
287 987 404 1025 quam
429 978 494 1026 ut,
522 987 599 1025 qua
627 977 674 1013 de
703 989 840 1015 caussa
863 990 997 1016 rursus
1026 980 1165 1017 satiras
1184 982 1449 1030 componeret,

107 1038 319 1076 lectoribus
346 1041 574 1088 exponeret,
604 1039 644 1075 et
671 1050 691 1075 e
709 1040 959 1090 necessitate,
988 1051 1064 1089 qua
1083 1041 1133 1078 ad
1159 1042 1298 1089 poesin
1324 1041 1450 1079 satiri-

107 1112 192 1138 cam
226 1101 522 1150 compelleretur
557 1094 622 1153 (v.
651 1100 711 1137 52.
747 1101 851 1139 unde
884 1102 963 1139 nisi
996 1103 1101 1139 intus
1135 1105 1402 1141 monstratum.
1413 1101 1449 1155 ),

107 1162 303 1199 scribendi
330 1161 621 1198 excusationem
647 1164 810 1210 peteret.
864 1163 960 1201 Inde
987 1165 1048 1201 est
1073 1164 1179 1212 quod
1204 1176 1240 1201 v.
1269 1165 1292 1201 4
1311 1175 1368 1213 sq.
1395 1164 1451 1200 ita

107 1224 387 1260 sermocinatur
396 1235 406 1260 ε

674 1306 726 1313 -
751 1307 802 1314 -
829 1286 1007 1336 Trebati,

306 1347 415 1393 Quid
436 1344 594 1393 faciam
596 1374 614 1397 2
636 1348 881 1394 praescribe.
924 1347 1051 1397 „Qui
1060 1358 1142 1385 esc
1155 1348 1252 1386 asa„
1290 1348 1352 1385 Ne
1375 1344 1450 1394 fa-

642 1410 770 1458 ciam,
797 1409 954 1459 inquis,

307 1469 483 1507 Omnino
509 1464 684 1507 versus?
733 1469 885 1520 „Ayo”
935 1471 1110 1508 Peream
1134 1472 1256 1520 male,
1280 1472 1317 1507 si
1341 1480 1426 1508 non

308 1529 512 1576 Optimum
539 1535 649 1580 erac,
675 1541 851 1568 verum
877 1541 1072 1579 nequeo
1099 1532 1331 1569 dormire.

104 1591 199 1630 Inde
226 1592 286 1627 est
312 1590 418 1638 quod
443 1591 623 1627 laudibus
653 1591 830 1628 Caesaris
865 1591 1050 1628 canendis
1079 1603 1120 1628 se
1147 1593 1336 1639 imparem
1362 1602 1448 1628 esse

106 1652 310 1691 confitetur
334 1663 370 1688 v.
401 1652 450 1688 10
476 1663 533 1700 sq.
585 1651 681 1688 Inde
709 1654 769 1688 est
795 1652 900 1700 quod
925 1652 1069 1689 Lucilii
1096 1653 1275 1701 exemplo
1301 1653 1449 1689 instau-

105 1716 231 1751 ratam
256 1713 387 1762 poesis
416 1714 586 1762 speciem
606 1713 793 1750 defendit.
846 1715 946 1751 Tum
962 1715 1018 1751 ita
1037 1725 1123 1751 eam
1138 1717 1281 1765 tuetur,
1309 1716 1450 1751 utnon

107 1776 231 1812 solum
252 1786 319 1825 ea,
356 1786 456 1823 quae
491 1775 541 1811 ad
566 1775 607 1812 id
634 1785 756 1823 usque
791 1777 944 1823 tenipus
981 1776 1029 1813 ab
1058 1787 1104 1812 eo
1132 1776 1277 1823 scripta
1304 1776 1448 1824 essent,

105 1837 297 1886 omnium,
333 1837 455 1873 etiam
486 1837 594 1882 vulgi
628 1836 807 1872 manibus
841 1837 934 1872 trita
961 1838 1001 1872 et
1026 1837 1075 1873 ab
1103 1837 1282 1873 omnibus
1310 1836 1449 1882 dijudi-

105 1900 193 1935 cata
231 1898 351 1934 fuisse
391 1899 600 1946 appareat,
645 1897 715 1933 sed
753 1897 850 1933 haec
890 1897 1008 1933 etiam
1047 1898 1166 1934 satira
1198 1908 1278 1934 non
1312 1897 1448 1934 doctae

105 1962 299 1997 fautorum
325 1959 612 2006 amicorumque
641 1969 828 2007 coronae,
865 1958 934 1994 sed
962 1959 1156 1995 communi
1182 1958 1354 1995 omnium
1379 1958 1448 1995 ho-

104 2022 252 2058 minum
289 2021 448 2058 lectioni
489 2020 683 2056 destinata
723 2022 763 2056 et
802 2020 947 2067 scripta
985 2020 1112 2057 videri
1147 2020 1300 2058 debeat.
1359 2020 1448 2057 Non

104 2084 205 2120 ultro
233 2094 274 2119 se
302 2082 358 2119 ait
383 2093 510 2130 neque
538 2081 779 2128 malignitate
802 2080 1029 2127 instigatum
1048 2093 1233 2129 perversa
1249 2081 1447 2119 hominum

107 2145 238 2182 studia
264 2154 424 2192 carpere
444 2139 502 2196 (v.
522 2141 628 2196 40.),
658 2142 728 2178 sed
745 2144 788 2178 ut
815 2142 968 2190 ineptas
987 2143 1291 2180 obtrectatorum
1309 2139 1366 2193 (v.
1386 2143 1446 2180 42.

105 2206 256 2243 infestis
283 2201 522 2258 latronibus)
551 2204 815 2241 cavillationes
835 2204 891 2241 eis
912 2215 1010 2252 quae
1032 2204 1106 2243 sibi
1133 2204 1286 2242 dederit
1309 2206 1448 2242 natura

106 2268 223 2305 armis
250 2266 412 2314 rejiciat
436 2268 476 2303 et
498 2267 718 2314 propulset.
773 2266 915 2316 „Illess7
942 2266 1069 2314 inquit
1095 2277 1133 2303 v.
1161 2266 1245 2315 45.‚

196 2441 256 2482 22)
278 2441 368 2472 Bene
397 2440 548 2481 Hempel
580 2439 612 2470 in
636 2439 804 2479 interpret.
828 2438 903 2469 fam.
927 2438 1007 2470 Hor.
1031 2439 1102 2470 Sat.
1126 2439 1165 2477 2,
1189 2437 1222 2470 1.
1245 2438 1446 2478 (Bromberg.

108 2483 226 2526 1833.)
249 2496 280 2526 p.
303 2486 354 2517 1.:
379 2485 493 2524 „Haec
516 2485 618 2516 satira
642 2493 704 2515 non
728 2484 798 2514 loco
821 2483 924 2523 magis
948 2493 1042 2525 quam
1065 2494 1100 2515 re
1123 2486 1158 2514 et
1181 2486 1368 2524 argumento
1390 2492 1445 2513 se-

109 2529 203 2560 cundi
234 2530 306 2561 libri
335 2529 458 2561 aditum
498 2529 666 2570 patefacit.
720 2528 805 2559 Nam
835 2537 893 2569 per
923 2529 1062 2570 speciem
1093 2538 1130 2559 se
1153 2527 1360 2565 defendendi,
1390 2537 1447 2558 cur

109 2576 225 2615 pergat
248 2575 390 2607 scribere
413 2575 542 2613 satiras,
567 2575 709 2616 ipsarum
733 2572 973 2606 scribendarum
991 2574 1045 2613 jus
1069 2575 1164 2616 poeta
1187 2573 1247 2605 sibi
1271 2572 1445 2605 vindicat-'⁷
