<?xml version="1.0" encoding="UTF-8"?>
<!DOCTYPE html PUBLIC "-//W3C//DTD XHTML 1.0 Transitional//EN"
    "http://www.w3.org/TR/xhtml1/DTD/xhtml1-transitional.dtd">
<html xmlns="http://www.w3.org/1999/xhtml" xml:lang="en" lang="en">
 <head>
  <title>
</title>
<meta http-equiv="Content-Type" content="text/html;charset=utf-8" />
  <meta name='ocr-system' content='tesseract 3.04.00' />
  <meta name='ocr-capabilities' content='ocr_page ocr_carea ocr_par ocr_line ocrx_word'/>
</head>
<body>
  <div class='ocr_page' id='page_1' title='image "./fastihoratianiac00franuoft_0157.png"; bbox 0 0 1643 2959; ppageno 0'>
   <div class='ocr_carea' id='block_1_1' title="bbox 638 214 922 258">
    <p class='ocr_par' dir='ltr' id='par_1_1' title="bbox 638 214 922 258">
     <span class='ocr_line' id='line_1_1' title="bbox 638 214 922 258; baseline 0 -1"><span class='ocrx_word' id='word_1_1' title='bbox 638 214 922 258; x_wconf 80' lang='lat'><strong>——147—</strong></span> 
     </span>
    </p>
   </div>
   <div class='ocr_carea' id='block_1_2' title="bbox 96 325 1453 2600">
    <p class='ocr_par' dir='ltr' id='par_1_2' title="bbox 103 325 1453 927">
     <span class='ocr_line' id='line_1_2' title="bbox 111 325 1451 377; baseline 0.003 -14"><span class='ocrx_word' id='word_1_2' title='bbox 111 326 195 363; x_wconf 90' lang='lat' dir='ltr'>bito</span> <span class='ocrx_word' id='word_1_3' title='bbox 224 327 355 363; x_wconf 83' lang='lat' dir='ltr'>tamen</span> <span class='ocrx_word' id='word_1_4' title='bbox 382 325 477 374; x_wconf 88' lang='lat' dir='ltr'>quin</span> <span class='ocrx_word' id='word_1_5' title='bbox 503 325 594 363; x_wconf 81' lang='lat' dir='ltr'>huic</span> <span class='ocrx_word' id='word_1_6' title='bbox 622 327 800 377; x_wconf 82' lang='lat' dir='ltr'>eclogae,</span> <span class='ocrx_word' id='word_1_7' title='bbox 839 328 883 365; x_wconf 80' lang='lat' dir='ltr'>in</span> <span class='ocrx_word' id='word_1_8' title='bbox 909 336 995 376; x_wconf 78' lang='lat' dir='ltr'>qua</span> <span class='ocrx_word' id='word_1_9' title='bbox 1025 327 1157 374; x_wconf 72' lang='lat' dir='ltr'>patris</span> <span class='ocrx_word' id='word_1_10' title='bbox 1191 329 1229 365; x_wconf 79' lang='lat' dir='ltr'>et</span> <span class='ocrx_word' id='word_1_11' title='bbox 1255 326 1451 377; x_wconf 52' lang='lat' dir='ltr'>principes</span> 
     </span>
     <span class='ocr_line' id='line_1_3' title="bbox 109 387 1451 440; baseline 0.002 -15"><span class='ocrx_word' id='word_1_12' title='bbox 109 388 279 425; x_wconf 74' lang='lat' dir='ltr'>nomina</span> <span class='ocrx_word' id='word_1_13' title='bbox 303 388 468 426; x_wconf 79' lang='lat' dir='ltr'>honoris</span> <span class='ocrx_word' id='word_1_14' title='bbox 494 399 646 426; x_wconf 82' lang='lat' dir='ltr'><em>caussa</em></span> <span class='ocrx_word' id='word_1_15' title='bbox 674 387 806 440; x_wconf 71' lang='lat' dir='ltr'>affert,</span> <span class='ocrx_word' id='word_1_16' title='bbox 832 400 977 426; x_wconf 72' lang='lat' dir='ltr'>novum</span> <span class='ocrx_word' id='word_1_17' title='bbox 1004 398 1219 435; x_wconf 83' lang='lat' dir='ltr'><strong>cognomen</strong></span> <span class='ocrx_word' id='word_1_18' title='bbox 1243 389 1451 439; x_wconf 85' lang='lat' dir='ltr'>interposi-</span> 
     </span>
     <span class='ocr_line' id='line_1_4' title="bbox 109 449 1453 499; baseline 0.003 -14"><span class='ocrx_word' id='word_1_19' title='bbox 109 451 218 486; x_wconf 87' lang='lat' dir='ltr'>turus</span> <span class='ocrx_word' id='word_1_20' title='bbox 245 449 405 499; x_wconf 81' lang='lat' dir='ltr'>fuisset,</span> <span class='ocrx_word' id='word_1_21' title='bbox 434 449 468 485; x_wconf 88' lang='lat' dir='ltr'>si</span> <span class='ocrx_word' id='word_1_22' title='bbox 496 460 583 486; x_wconf 86' lang='lat' dir='ltr'>eam</span> <span class='ocrx_word' id='word_1_23' title='bbox 609 451 745 498; x_wconf 83' lang='lat' dir='ltr'>paucis</span> <span class='ocrx_word' id='word_1_24' title='bbox 774 450 912 492; x_wconf 88' lang='lat' dir='ltr'>diebus</span> <span class='ocrx_word' id='word_1_25' title='bbox 938 452 1029 499; x_wconf 89' lang='lat' dir='ltr'>post</span> <span class='ocrx_word' id='word_1_26' title='bbox 1056 461 1173 499; x_wconf 84' lang='lat' dir='ltr'>quam</span> <span class='ocrx_word' id='word_1_27' title='bbox 1198 450 1366 489; x_wconf 84' lang='lat' dir='ltr'>inditum</span> <span class='ocrx_word' id='word_1_28' title='bbox 1392 455 1453 489; x_wconf 86' lang='lat' dir='ltr'>est</span> 
     </span>
     <span class='ocr_line' id='line_1_5' title="bbox 107 511 1452 561; baseline 0.003 -14"><span class='ocrx_word' id='word_1_29' title='bbox 107 511 404 561; x_wconf 78' lang='lat' dir='ltr'>composuisset,</span> <span class='ocrx_word' id='word_1_30' title='bbox 432 511 664 559; x_wconf 85' lang='lat' dir='ltr'>praesertim</span> <span class='ocrx_word' id='word_1_31' title='bbox 692 524 779 549; x_wconf 87' lang='lat' dir='ltr'>cum</span> <span class='ocrx_word' id='word_1_32' title='bbox 807 513 1045 551; x_wconf 65' lang='lat' dir='ltr'>Octavianus</span> <span class='ocrx_word' id='word_1_33' title='bbox 1064 514 1319 559; x_wconf 82' lang='lat' dir='ltr'>cognomento</span> <span class='ocrx_word' id='word_1_34' title='bbox 1337 513 1452 551; x_wconf 83' lang='lat' dir='ltr'>valde</span> 
     </span>
     <span class='ocr_line' id='line_1_6' title="bbox 106 572 1452 624; baseline 0.003 -15"><span class='ocrx_word' id='word_1_35' title='bbox 106 572 262 619; x_wconf 83' lang='lat' dir='ltr'>gavisus</span> <span class='ocrx_word' id='word_1_36' title='bbox 290 573 353 610; x_wconf 89' lang='lat' dir='ltr'>sit.</span> <span class='ocrx_word' id='word_1_37' title='bbox 404 573 495 621; x_wconf 88' lang='lat' dir='ltr'>Ipse</span> <span class='ocrx_word' id='word_1_38' title='bbox 523 573 646 622; x_wconf 87' lang='lat' dir='ltr'>cupiit</span> <span class='ocrx_word' id='word_1_39' title='bbox 672 575 871 612; x_wconf 73' lang='lat' dir='ltr'>Romulus</span> <span class='ocrx_word' id='word_1_40' title='bbox 909 574 1138 622; x_wconf 85' lang='lat' dir='ltr'>nuncupari.</span> <span class='ocrx_word' id='word_1_41' title='bbox 1165 586 1200 611; x_wconf 83' lang='lat' dir='ltr'>v.</span> <span class='ocrx_word' id='word_1_42' title='bbox 1232 574 1452 624; x_wconf 84' lang='lat' dir='ltr'>interprett.</span> 
     </span>
     <span class='ocr_line' id='line_1_7' title="bbox 104 634 1451 684; baseline 0.003 -14"><span class='ocrx_word' id='word_1_43' title='bbox 104 634 221 671; x_wconf 90' lang='lat' dir='ltr'>Dion.</span> <span class='ocrx_word' id='word_1_44' title='bbox 248 635 272 671; x_wconf 91' lang='lat' dir='ltr'><strong>l.</strong></span> <span class='ocrx_word' id='word_1_45' title='bbox 299 635 323 672; x_wconf 91' lang='lat'>1.</span> <span class='ocrx_word' id='word_1_46' title='bbox 351 634 410 672; x_wconf 83' lang='lat' dir='ltr'>ed.</span> <span class='ocrx_word' id='word_1_47' title='bbox 438 635 561 672; x_wconf 86' lang='lat' dir='ltr'>Sturz.</span> <span class='ocrx_word' id='word_1_48' title='bbox 588 635 663 672; x_wconf 85' lang='lat' dir='ltr'><strong>vol.</strong></span> <span class='ocrx_word' id='word_1_49' title='bbox 690 636 752 673; x_wconf 90' lang='lat' dir='ltr'>VI.</span> <span class='ocrx_word' id='word_1_50' title='bbox 779 647 815 684; x_wconf 88' lang='lat' dir='ltr'><strong>p.</strong></span> <span class='ocrx_word' id='word_1_51' title='bbox 845 636 866 671; x_wconf 84' lang='grc'>7</span> <span class='ocrx_word' id='word_1_52' title='bbox 871 636 904 673; x_wconf 99' lang='lat'>3.</span> <span class='ocrx_word' id='word_1_53' title='bbox 931 638 1012 672; x_wconf 85' lang='lat' dir='ltr'>not.</span> <span class='ocrx_word' id='word_1_54' title='bbox 1043 636 1125 673; x_wconf 84' lang='lat'><strong>107.</strong></span> <span class='ocrx_word' id='word_1_55' title='bbox 1154 636 1259 674; x_wconf 80' lang='lat' dir='ltr'><strong>Serv.</strong></span> <span class='ocrx_word' id='word_1_56' title='bbox 1287 636 1337 673; x_wconf 84' lang='lat' dir='ltr'>ad</span> <span class='ocrx_word' id='word_1_57' title='bbox 1352 637 1451 674; x_wconf 87' lang='lat' dir='ltr'><strong>Aen.</strong></span> 
     </span>
     <span class='ocr_line' id='line_1_8' title="bbox 107 695 1453 745; baseline 0.003 -14"><span class='ocrx_word' id='word_1_58' title='bbox 107 695 142 744; x_wconf 93' lang='grc'>1,</span> <span class='ocrx_word' id='word_1_59' title='bbox 171 696 258 733; x_wconf 84' lang='grc'><strong>296.</strong></span> <span class='ocrx_word' id='word_1_60' title='bbox 285 696 388 733; x_wconf 91' lang='lat' dir='ltr'>Flor.</span> <span class='ocrx_word' id='word_1_61' title='bbox 416 696 452 745; x_wconf 87' lang='lat'>4,</span> <span class='ocrx_word' id='word_1_62' title='bbox 482 695 541 732; x_wconf 89' lang='grc'>12.</span> <span class='ocrx_word' id='word_1_63' title='bbox 570 696 727 734; x_wconf 86' lang='lat' dir='ltr'>Sueton.</span> <span class='ocrx_word' id='word_1_64' title='bbox 756 698 842 734; x_wconf 87' lang='lat' dir='ltr'>Oet.</span> <span class='ocrx_word' id='word_1_65' title='bbox 870 698 907 734; x_wconf 95' lang='lat'>7.</span> <span class='ocrx_word' id='word_1_66' title='bbox 939 697 1095 734; x_wconf 80' lang='lat' dir='ltr'>Deinde</span> <span class='ocrx_word' id='word_1_67' title='bbox 1124 708 1173 733; x_wconf 89' lang='lat' dir='ltr'>ex</span> <span class='ocrx_word' id='word_1_68' title='bbox 1198 698 1340 735; x_wconf 88' lang='lat' dir='ltr'>Dionis</span> <span class='ocrx_word' id='word_1_69' title='bbox 1365 710 1453 735; x_wconf 85' lang='lat' dir='ltr'>ver-</span> 
     </span>
     <span class='ocr_line' id='line_1_9' title="bbox 104 756 1452 808; baseline 0.003 -15"><span class='ocrx_word' id='word_1_70' title='bbox 104 756 166 794; x_wconf 88' lang='lat' dir='ltr'>bis</span> <span class='ocrx_word' id='word_1_71' title='bbox 203 757 398 807; x_wconf 78' lang='lat' dir='ltr'>didicisti,</span> <span class='ocrx_word' id='word_1_72' title='bbox 444 756 599 794; x_wconf 81' lang='lat' dir='ltr'>Tiberis</span> <span class='ocrx_word' id='word_1_73' title='bbox 638 758 937 795; x_wconf 79' lang='lat' dir='ltr'>inundationem</span> <span class='ocrx_word' id='word_1_74' title='bbox 979 759 1028 795; x_wconf 91' lang='lat' dir='ltr'>ab</span> <span class='ocrx_word' id='word_1_75' title='bbox 1072 759 1232 796; x_wconf 84' lang='lat' dir='ltr'>hariolis</span> <span class='ocrx_word' id='word_1_76' title='bbox 1265 771 1346 796; x_wconf 87' lang='lat' dir='ltr'>non</span> <span class='ocrx_word' id='word_1_77' title='bbox 1379 770 1452 808; x_wconf 86' lang='lat' dir='ltr'>pro</span> 
     </span>
     <span class='ocr_line' id='line_1_10' title="bbox 103 818 1452 869; baseline 0.004 -15"><span class='ocrx_word' id='word_1_78' title='bbox 103 818 232 854; x_wconf 86' lang='lat' dir='ltr'>omine</span> <span class='ocrx_word' id='word_1_79' title='bbox 260 818 342 855; x_wconf 87' lang='lat' dir='ltr'>irae</span> <span class='ocrx_word' id='word_1_80' title='bbox 371 818 532 854; x_wconf 86' lang='lat' dir='ltr'>deorum</span> <span class='ocrx_word' id='word_1_81' title='bbox 568 818 638 854; x_wconf 89' lang='lat' dir='ltr'>sod</span> <span class='ocrx_word' id='word_1_82' title='bbox 674 819 730 856; x_wconf 87' lang='lat' dir='ltr'>sic</span> <span class='ocrx_word' id='word_1_83' title='bbox 764 821 964 867; x_wconf 81' lang='lat' dir='ltr'>acceptam</span> <span class='ocrx_word' id='word_1_84' title='bbox 1000 831 1108 869; x_wconf 82' lang='lat' dir='ltr'>esse,</span> <span class='ocrx_word' id='word_1_85' title='bbox 1149 822 1193 857; x_wconf 88' lang='lat' dir='ltr'>ut</span> <span class='ocrx_word' id='word_1_86' title='bbox 1231 821 1452 868; x_wconf 79' lang='lat' dir='ltr'>Augustum</span> 
     </span>
     <span class='ocr_line' id='line_1_11' title="bbox 103 879 1318 927; baseline 0.002 -11"><span class='ocrx_word' id='word_1_87' title='bbox 103 879 153 916; x_wconf 89' lang='lat' dir='ltr'>ad</span> <span class='ocrx_word' id='word_1_88' title='bbox 178 889 361 925; x_wconf 78' lang='lat' dir='ltr'>magnam</span> <span class='ocrx_word' id='word_1_89' title='bbox 385 879 604 926; x_wconf 82' lang='lat' dir='ltr'>potentiam</span> <span class='ocrx_word' id='word_1_90' title='bbox 630 882 911 927; x_wconf 81' lang='lat' dir='ltr'>perventurum</span> <span class='ocrx_word' id='word_1_91' title='bbox 939 891 1026 917; x_wconf 82' lang='lat' dir='ltr'>esse</span> <span class='ocrx_word' id='word_1_92' title='bbox 1055 880 1240 918; x_wconf 80' lang='lat' dir='ltr'>dicerent.</span> <span class='ocrx_word' id='word_1_93' title='bbox 1266 903 1318 911; x_wconf 90' lang='lat'>—-</span> 
     </span>
    </p>

    <p class='ocr_par' dir='ltr' id='par_1_3' title="bbox 102 940 1450 1040">
     <span class='ocr_line' id='line_1_12' title="bbox 202 940 1450 994; baseline 0.004 -17"><span class='ocrx_word' id='word_1_94' title='bbox 202 941 381 977; x_wconf 85' lang='lat' dir='ltr'>Maturae</span> <span class='ocrx_word' id='word_1_95' title='bbox 409 940 553 990; x_wconf 86' lang='lat' dir='ltr'>aetati,</span> <span class='ocrx_word' id='word_1_96' title='bbox 581 951 657 989; x_wconf 89' lang='lat' dir='ltr'>qua</span> <span class='ocrx_word' id='word_1_97' title='bbox 684 952 840 978; x_wconf 85' lang='lat' dir='ltr'>carmen</span> <span class='ocrx_word' id='word_1_98' title='bbox 867 944 996 979; x_wconf 87' lang='lat' dir='ltr'>ortum</span> <span class='ocrx_word' id='word_1_99' title='bbox 1023 953 1109 979; x_wconf 88' lang='lat' dir='ltr'>esse</span> <span class='ocrx_word' id='word_1_100' title='bbox 1136 943 1322 994; x_wconf 88' lang='lat' dir='ltr'>probavi,</span> <span class='ocrx_word' id='word_1_101' title='bbox 1349 944 1450 982; x_wconf 83' lang='lat' dir='ltr'>bene</span> 
     </span>
     <span class='ocr_line' id='line_1_13' title="bbox 102 1002 994 1040; baseline -0.001 0"><span class='ocrx_word' id='word_1_102' title='bbox 102 1003 286 1040; x_wconf 84' lang='lat' dir='ltr'>convenit</span> <span class='ocrx_word' id='word_1_103' title='bbox 314 1002 486 1039; x_wconf 85' lang='lat' dir='ltr'>dissecta</span> <span class='ocrx_word' id='word_1_104' title='bbox 512 1013 590 1039; x_wconf 79' lang='lat' dir='ltr'>vox</span> <span class='ocrx_word' id='word_1_105' title='bbox 617 1003 753 1040; x_wconf 88' lang='lat' dir='ltr'>ultima</span> <span class='ocrx_word' id='word_1_106' title='bbox 780 1004 821 1040; x_wconf 89' lang='lat' dir='ltr'>in</span> <span class='ocrx_word' id='word_1_107' title='bbox 848 1015 883 1040; x_wconf 80' lang='lat' dir='ltr'>v,</span> <span class='ocrx_word' id='word_1_108' title='bbox 915 1003 994 1040; x_wconf 85' lang='lat'><strong>19.:</strong></span> 
     </span>
    </p>

    <p class='ocr_par' dir='ltr' id='par_1_4' title="bbox 98 1063 1446 1611">
     <span class='ocr_line' id='line_1_14' title="bbox 369 1063 1205 1116; baseline 0.002 -15"><span class='ocrx_word' id='word_1_109' title='bbox 369 1063 535 1101; x_wconf 81' lang='lat' dir='ltr'>Labitur</span> <span class='ocrx_word' id='word_1_110' title='bbox 561 1063 669 1115; x_wconf 86' lang='lat' dir='ltr'>ripa,</span> <span class='ocrx_word' id='word_1_111' title='bbox 696 1066 794 1102; x_wconf 85' lang='lat' dir='ltr'>Jove</span> <span class='ocrx_word' id='word_1_112' title='bbox 820 1075 900 1101; x_wconf 88' lang='lat' dir='ltr'>non</span> <span class='ocrx_word' id='word_1_113' title='bbox 925 1065 1186 1116; x_wconf 84' lang='lat' dir='ltr'>probante‚u</span> <span class='ocrx_word' id='word_1_114' title='bbox 1189 1085 1205 1093; x_wconf 92' lang='lat'><strong>·</strong></span> 
     </span>
     <span class='ocr_line' id='line_1_15' title="bbox 639 1126 939 1164; baseline 0.003 -2"><span class='ocrx_word' id='word_1_115' title='bbox 639 1126 774 1163; x_wconf 79' lang='lat' dir='ltr'>xorius</span> <span class='ocrx_word' id='word_1_116' title='bbox 802 1127 939 1164; x_wconf 82' lang='lat' dir='ltr'>amnis.</span> 
     </span>
     <span class='ocr_line' id='line_1_16' title="bbox 100 1154 1446 1240; baseline 0.003 -16"><span class='ocrx_word' id='word_1_117' title='bbox 100 1185 169 1240; x_wconf 80' lang='lat' dir='ltr'><strong>(cf.</strong></span> <span class='ocrx_word' id='word_1_118' title='bbox 198 1187 260 1226; x_wconf 87' lang='lat' dir='ltr'>od.</span> <span class='ocrx_word' id='word_1_119' title='bbox 290 1187 333 1238; x_wconf 90' lang='lat'>1,</span> <span class='ocrx_word' id='word_1_120' title='bbox 370 1186 431 1224; x_wconf 85' lang='lat'>25.</span> <span class='ocrx_word' id='word_1_121' title='bbox 460 1187 518 1226; x_wconf 94' lang='grc'>11.</span> <span class='ocrx_word' id='word_1_122' title='bbox 547 1190 587 1225; x_wconf 85' lang='lat' dir='ltr'>et</span> <span class='ocrx_word' id='word_1_123' title='bbox 614 1189 659 1239; x_wconf 89' lang='lat'>2,</span> <span class='ocrx_word' id='word_1_124' title='bbox 698 1188 758 1226; x_wconf 83' lang='grc'>16.</span> <span class='ocrx_word' id='word_1_125' title='bbox 793 1185 874 1240; x_wconf 91' lang='grc'><strong>7.),</strong></span> <span class='ocrx_word' id='word_1_126' title='bbox 915 1191 956 1226; x_wconf 82' lang='lat' dir='ltr'>et</span> <span class='ocrx_word' id='word_1_127' title='bbox 994 1189 1119 1236; x_wconf 85' lang='lat' dir='ltr'>magis</span> <span class='ocrx_word' id='word_1_128' title='bbox 1159 1154 1278 1227; x_wconf 82' lang='lat' dir='ltr'>etiam</span> <span class='ocrx_word' id='word_1_129' title='bbox 1317 1189 1446 1228; x_wconf 86' lang='lat' dir='ltr'>hiatus</span> 
     </span>
     <span class='ocr_line' id='line_1_17' title="bbox 99 1249 241 1287; baseline 0 -2"><span class='ocrx_word' id='word_1_130' title='bbox 99 1261 134 1287; x_wconf 89' lang='lat' dir='ltr'>v.</span> <span class='ocrx_word' id='word_1_131' title='bbox 162 1249 241 1287; x_wconf 94' lang='grc'><strong>47..</strong></span> 
     </span>
     <span class='ocr_line' id='line_1_18' title="bbox 368 1309 1084 1361; baseline 0 -13"><span class='ocrx_word' id='word_1_132' title='bbox 368 1309 476 1348; x_wconf 84' lang='lat' dir='ltr'>Neve</span> <span class='ocrx_word' id='word_1_133' title='bbox 504 1312 543 1347; x_wconf 85' lang='lat' dir='ltr'>te</span> <span class='ocrx_word' id='word_1_134' title='bbox 571 1310 716 1347; x_wconf 87' lang='lat' dir='ltr'>nostris</span> <span class='ocrx_word' id='word_1_135' title='bbox 742 1310 850 1347; x_wconf 84' lang='lat' dir='ltr'>vitiis</span> <span class='ocrx_word' id='word_1_136' title='bbox 877 1309 1084 1361; x_wconf 69' lang='lat' dir='ltr'>iniquum!</span> 
     </span>
     <span class='ocr_line' id='line_1_19' title="bbox 639 1372 907 1422; baseline -0.007 -12"><span class='ocrx_word' id='word_1_137' title='bbox 639 1372 759 1410; x_wconf 80' lang='lat' dir='ltr'>Ocior</span> <span class='ocrx_word' id='word_1_138' title='bbox 785 1383 907 1422; x_wconf 82' lang='lat' dir='ltr'>aura.,</span> 
     </span>
     <span class='ocr_line' id='line_1_20' title="bbox 99 1433 1446 1488; baseline 0.002 -17"><span class='ocrx_word' id='word_1_139' title='bbox 99 1434 209 1482; x_wconf 83' lang='lat' dir='ltr'>cujus</span> <span class='ocrx_word' id='word_1_140' title='bbox 236 1434 332 1472; x_wconf 85' lang='lat' dir='ltr'>haec</span> <span class='ocrx_word' id='word_1_141' title='bbox 359 1437 565 1483; x_wconf 87' lang='lat' dir='ltr'>praeterea</span> <span class='ocrx_word' id='word_1_142' title='bbox 590 1433 696 1483; x_wconf 88' lang='lat' dir='ltr'>apud</span> <span class='ocrx_word' id='word_1_143' title='bbox 722 1434 929 1472; x_wconf 81' lang='lat' dir='ltr'>Horatium</span> <span class='ocrx_word' id='word_1_144' title='bbox 963 1436 1054 1471; x_wconf 88' lang='lat' dir='ltr'>sunt</span> <span class='ocrx_word' id='word_1_145' title='bbox 1080 1435 1280 1484; x_wconf 84' lang='lat' dir='ltr'>exempla:</span> <span class='ocrx_word' id='word_1_146' title='bbox 1315 1435 1378 1474; x_wconf 90' lang='lat' dir='ltr'>od.</span> <span class='ocrx_word' id='word_1_147' title='bbox 1410 1438 1446 1488; x_wconf 92' lang='lat'>1,</span> 
     </span>
     <span class='ocr_line' id='line_1_21' title="bbox 100 1495 1444 1546; baseline 0.001 -12"><span class='ocrx_word' id='word_1_148' title='bbox 100 1497 158 1534; x_wconf 93' lang='lat'>12.</span> <span class='ocrx_word' id='word_1_149' title='bbox 185 1497 219 1534; x_wconf 91' lang='grc'>7.</span> <span class='ocrx_word' id='word_1_150' title='bbox 260 1497 296 1546; x_wconf 88' lang='grc'>1,</span> <span class='ocrx_word' id='word_1_151' title='bbox 326 1496 385 1534; x_wconf 88' lang='grc'>12.</span> <span class='ocrx_word' id='word_1_152' title='bbox 413 1496 474 1534; x_wconf 87' lang='grc'><strong>31.</strong></span> <span class='ocrx_word' id='word_1_153' title='bbox 517 1496 554 1546; x_wconf 88' lang='grc'>1,</span> <span class='ocrx_word' id='word_1_154' title='bbox 581 1495 643 1533; x_wconf 89' lang='grc'>22.</span> <span class='ocrx_word' id='word_1_155' title='bbox 673 1496 733 1533; x_wconf 89' lang='lat'>15.</span> <span class='ocrx_word' id='word_1_156' title='bbox 773 1496 810 1546; x_wconf 89' lang='grc'>4,</span> <span class='ocrx_word' id='word_1_157' title='bbox 838 1495 873 1533; x_wconf 88' lang='grc'><strong>2.</strong></span> <span class='ocrx_word' id='word_1_158' title='bbox 901 1496 961 1533; x_wconf 77' lang='grc'>24.</span> <span class='ocrx_word' id='word_1_159' title='bbox 990 1508 1105 1534; x_wconf 84' lang='lat' dir='ltr'>carm.</span> <span class='ocrx_word' id='word_1_160' title='bbox 1133 1497 1276 1535; x_wconf 85' lang='lat' dir='ltr'>saecul.</span> <span class='ocrx_word' id='word_1_161' title='bbox 1311 1498 1370 1536; x_wconf 86' lang='grc'>47.</span> <span class='ocrx_word' id='word_1_162' title='bbox 1397 1500 1444 1537; x_wconf 88' lang='lat' dir='ltr'>cf.</span> 
     </span>
     <span class='ocr_line' id='line_1_22' title="bbox 98 1552 1196 1611; baseline 0.001 -16"><span class='ocrx_word' id='word_1_163' title='bbox 98 1558 241 1606; x_wconf 86' lang='lat' dir='ltr'>Sapph.</span> <span class='ocrx_word' id='word_1_164' title='bbox 268 1559 407 1604; x_wconf 78' lang='lat' dir='ltr'>fragm.</span> <span class='ocrx_word' id='word_1_165' title='bbox 433 1557 492 1594; x_wconf 87' lang='lat' dir='ltr'>ed.</span> <span class='ocrx_word' id='word_1_166' title='bbox 518 1559 628 1595; x_wconf 79' lang='lat' dir='ltr'>Neue</span> <span class='ocrx_word' id='word_1_167' title='bbox 658 1552 806 1608; x_wconf 86' lang='lat' dir='ltr'>(Berol.</span> <span class='ocrx_word' id='word_1_168' title='bbox 835 1554 967 1611; x_wconf 78' lang='lat'><strong>1827.)</strong></span> <span class='ocrx_word' id='word_1_169' title='bbox 995 1570 1030 1606; x_wconf 95' lang='lat' dir='ltr'><strong>p.</strong></span> <span class='ocrx_word' id='word_1_170' title='bbox 1059 1558 1118 1596; x_wconf 74' lang='grc' dir='ltr'>Γ).</span> <span class='ocrx_word' id='word_1_171' title='bbox 1143 1580 1196 1586; x_wconf 90' lang='grc'><strong>-</strong></span> 
     </span>
    </p>

    <p class='ocr_par' dir='ltr' id='par_1_5' title="bbox 96 1619 1446 1792">
     <span class='ocr_line' id='line_1_23' title="bbox 199 1619 1445 1670; baseline 0.002 -13"><span class='ocrx_word' id='word_1_172' title='bbox 199 1621 260 1657; x_wconf 88' lang='lat' dir='ltr'>De</span> <span class='ocrx_word' id='word_1_173' title='bbox 297 1631 334 1656; x_wconf 77' lang='lat' dir='ltr'>v.</span> <span class='ocrx_word' id='word_1_174' title='bbox 372 1619 454 1656; x_wconf 82' lang='lat'><strong>39.:</strong></span> <span class='ocrx_word' id='word_1_175' title='bbox 494 1619 599 1656; x_wconf 80' lang='lat' dir='ltr'>Acer</span> <span class='ocrx_word' id='word_1_176' title='bbox 639 1621 678 1655; x_wconf 84' lang='lat' dir='ltr'>ct</span> <span class='ocrx_word' id='word_1_177' title='bbox 715 1620 859 1657; x_wconf 72' lang='lat' dir='ltr'>Mauri</span> <span class='ocrx_word' id='word_1_178' title='bbox 897 1620 1043 1667; x_wconf 83' lang='lat' dir='ltr'>peditis</span> <span class='ocrx_word' id='word_1_179' title='bbox 1083 1622 1287 1658; x_wconf 86' lang='lat' dir='ltr'>cruentum</span> <span class='ocrx_word' id='word_1_180' title='bbox 1314 1632 1370 1670; x_wconf 89' lang='lat' dir='ltr'><strong>sq.</strong></span> <span class='ocrx_word' id='word_1_181' title='bbox 1409 1634 1445 1661; x_wconf 79' lang='lat' dir='ltr'>v,</span> 
     </span>
     <span class='ocr_line' id='line_1_24' title="bbox 98 1680 1446 1732; baseline 0.001 -14"><span class='ocrx_word' id='word_1_182' title='bbox 98 1682 209 1718; x_wconf 89' lang='lat' dir='ltr'>Gust.</span> <span class='ocrx_word' id='word_1_183' title='bbox 245 1681 421 1718; x_wconf 83' lang='lat' dir='ltr'>Schwab.</span> <span class='ocrx_word' id='word_1_184' title='bbox 459 1680 501 1716; x_wconf 89' lang='lat' dir='ltr'>in</span> <span class='ocrx_word' id='word_1_185' title='bbox 539 1681 679 1717; x_wconf 87' lang='lat' dir='ltr'>Museo</span> <span class='ocrx_word' id='word_1_186' title='bbox 718 1680 842 1718; x_wconf 85' lang='lat' dir='ltr'><strong>Rhen.</strong></span> <span class='ocrx_word' id='word_1_187' title='bbox 882 1692 972 1718; x_wconf 85' lang='lat' dir='ltr'>ann.</span> <span class='ocrx_word' id='word_1_188' title='bbox 1014 1680 1122 1718; x_wconf 78' lang='lat'><strong>1829.</strong></span> <span class='ocrx_word' id='word_1_189' title='bbox 1156 1692 1194 1730; x_wconf 89' lang='lat' dir='ltr'><strong>p.</strong></span> <span class='ocrx_word' id='word_1_190' title='bbox 1222 1682 1295 1721; x_wconf 80' lang='grc'>474</span> <span class='ocrx_word' id='word_1_191' title='bbox 1323 1694 1379 1732; x_wconf 91' lang='lat' dir='ltr'><strong>sq.</strong></span> <span class='ocrx_word' id='word_1_192' title='bbox 1406 1686 1446 1720; x_wconf 86' lang='lat' dir='ltr'>et</span> 
     </span>
     <span class='ocr_line' id='line_1_25' title="bbox 96 1742 584 1792; baseline -0.004 -12"><span class='ocrx_word' id='word_1_193' title='bbox 96 1743 264 1791; x_wconf 88' lang='lat' dir='ltr'>Appian.</span> <span class='ocrx_word' id='word_1_194' title='bbox 291 1742 327 1779; x_wconf 92' lang='lat' dir='ltr'>b.</span> <span class='ocrx_word' id='word_1_195' title='bbox 357 1742 429 1780; x_wconf 82' lang='lat' dir='ltr'><strong>civ.</strong></span> <span class='ocrx_word' id='word_1_196' title='bbox 458 1742 494 1792; x_wconf 92' lang='lat' dir='ltr'>l,</span> <span class='ocrx_word' id='word_1_197' title='bbox 523 1743 584 1779; x_wconf 88' lang='grc'><strong>50.</strong></span> 
     </span>
    </p>

    <p class='ocr_par' dir='ltr' id='par_1_6' title="bbox 97 1803 1444 1912">
     <span class='ocr_line' id='line_1_26' title="bbox 199 1803 1444 1853; baseline 0.002 -12"><span class='ocrx_word' id='word_1_198' title='bbox 199 1804 406 1841; x_wconf 74' lang='lat' dir='ltr'>Caeterum</span> <span class='ocrx_word' id='word_1_199' title='bbox 433 1806 564 1841; x_wconf 81' lang='lat' dir='ltr'>aetate</span> <span class='ocrx_word' id='word_1_200' title='bbox 592 1814 802 1853; x_wconf 78' lang='lat' dir='ltr'>supparem</span> <span class='ocrx_word' id='word_1_201' title='bbox 837 1803 928 1841; x_wconf 90' lang='lat' dir='ltr'>huic</span> <span class='ocrx_word' id='word_1_202' title='bbox 955 1804 1118 1841; x_wconf 82' lang='lat' dir='ltr'>carmini</span> <span class='ocrx_word' id='word_1_203' title='bbox 1153 1815 1240 1841; x_wconf 83' lang='lat' dir='ltr'>esse</span> <span class='ocrx_word' id='word_1_204' title='bbox 1276 1804 1444 1843; x_wconf 79' lang='lat' dir='ltr'>arbitror</span> 
     </span>
     <span class='ocr_line' id='line_1_27' title="bbox 97 1864 853 1912; baseline -0.001 -10"><span class='ocrx_word' id='word_1_205' title='bbox 97 1864 211 1902; x_wconf 83' lang='lat' dir='ltr'>odam</span> <span class='ocrx_word' id='word_1_206' title='bbox 237 1865 328 1902; x_wconf 86' lang='lat' dir='ltr'>libri</span> <span class='ocrx_word' id='word_1_207' title='bbox 353 1865 421 1902; x_wconf 91' lang='grc' dir='ltr'>ΠΙ.</span> <span class='ocrx_word' id='word_1_208' title='bbox 449 1865 509 1903; x_wconf 77' lang='lat'>24.</span> <span class='ocrx_word' id='word_1_209' title='bbox 537 1865 586 1902; x_wconf 88' lang='lat' dir='ltr'>ob</span> <span class='ocrx_word' id='word_1_210' title='bbox 615 1877 670 1902; x_wconf 81' lang='lat' dir='ltr'><strong>vs.</strong></span> <span class='ocrx_word' id='word_1_211' title='bbox 699 1865 747 1901; x_wconf 84' lang='lat'>25</span> <span class='ocrx_word' id='word_1_212' title='bbox 776 1875 853 1912; x_wconf 89' lang='lat' dir='ltr'><strong>sq.:</strong></span> 
     </span>
    </p>

    <p class='ocr_par' dir='ltr' id='par_1_7' title="bbox 367 1926 934 1977">
     <span class='ocr_line' id='line_1_28' title="bbox 367 1926 934 1977; baseline -0.005 -13"><span class='ocrx_word' id='word_1_213' title='bbox 367 1928 430 1977; x_wconf 87' lang='lat' dir='ltr'>„O</span> <span class='ocrx_word' id='word_1_214' title='bbox 459 1927 635 1974; x_wconf 89' lang='lat' dir='ltr'>quisquis</span> <span class='ocrx_word' id='word_1_215' title='bbox 662 1926 768 1962; x_wconf 74' lang='lat' dir='ltr'>volet</span> <span class='ocrx_word' id='word_1_216' title='bbox 794 1926 934 1973; x_wconf 89' lang='lat' dir='ltr'>impias</span> 
     </span>
    </p>

    <p class='ocr_par' dir='ltr' id='par_1_8' title="bbox 365 1987 1227 2100">
     <span class='ocr_line' id='line_1_29' title="bbox 468 1987 1227 2040; baseline 0.001 -15"><span class='ocrx_word' id='word_1_217' title='bbox 468 1988 617 2026; x_wconf 81' lang='lat' dir='ltr'>Caedes</span> <span class='ocrx_word' id='word_1_218' title='bbox 645 1989 686 2024; x_wconf 87' lang='lat' dir='ltr'>et</span> <span class='ocrx_word' id='word_1_219' title='bbox 710 1987 861 2024; x_wconf 88' lang='lat' dir='ltr'>rabiem</span> <span class='ocrx_word' id='word_1_220' title='bbox 888 1987 1023 2025; x_wconf 88' lang='lat' dir='ltr'>tollere</span> <span class='ocrx_word' id='word_1_221' title='bbox 1052 1988 1227 2040; x_wconf 83' lang='lat' dir='ltr'>civicam,</span> 
     </span>
     <span class='ocr_line' id='line_1_30' title="bbox 365 2050 946 2100; baseline -0.007 -11"><span class='ocrx_word' id='word_1_222' title='bbox 365 2051 410 2089; x_wconf 72' lang='lat' dir='ltr'>Sc·</span> <span class='ocrx_word' id='word_1_223' title='bbox 434 2055 605 2100; x_wconf 80' lang='lat' dir='ltr'>quaeret</span> <span class='ocrx_word' id='word_1_224' title='bbox 627 2050 753 2087; x_wconf 82' lang='lat' dir='ltr'>Pater</span> <span class='ocrx_word' id='word_1_225' title='bbox 778 2050 946 2086; x_wconf 75' lang='lat' dir='ltr'>urbium</span> 
     </span>
    </p>

    <p class='ocr_par' dir='ltr' id='par_1_9' title="bbox 464 2111 878 2150">
     <span class='ocr_line' id='line_1_31' title="bbox 464 2111 878 2150; baseline -0.005 0"><span class='ocrx_word' id='word_1_226' title='bbox 464 2112 672 2150; x_wconf 71' lang='lat' dir='ltr'>subscribi</span> <span class='ocrx_word' id='word_1_227' title='bbox 695 2111 878 2149; x_wconf 58' lang='lat' dir='ltr'>statuis-3³</span> 
     </span>
    </p>

    <p class='ocr_par' dir='ltr' id='par_1_10' title="bbox 97 2172 1440 2594">
     <span class='ocr_line' id='line_1_32' title="bbox 196 2172 1440 2223; baseline 0 -11"><span class='ocrx_word' id='word_1_228' title='bbox 196 2175 320 2213; x_wconf 86' lang='lat' dir='ltr'>Aetas</span> <span class='ocrx_word' id='word_1_229' title='bbox 357 2172 651 2211; x_wconf 76' lang='lat' dir='ltr'>CARMINIS</span> <span class='ocrx_word' id='word_1_230' title='bbox 677 2173 759 2209; x_wconf 78' lang='lat' dir='ltr'>lv.</span> <span class='ocrx_word' id='word_1_231' title='bbox 802 2173 1013 2223; x_wconf 70' lang='lat' dir='ltr'>„Solvitur</span> <span class='ocrx_word' id='word_1_232' title='bbox 1048 2175 1156 2211; x_wconf 73' lang='lat' dir='ltr'>acre&#39;s</span> <span class='ocrx_word' id='word_1_233' title='bbox 1186 2174 1343 2212; x_wconf 62' lang='lat' dir='ltr'>hiems„</span> <span class='ocrx_word' id='word_1_234' title='bbox 1381 2175 1440 2212; x_wconf 88' lang='lat' dir='ltr'>in-</span> 
     </span>
     <span class='ocr_line' id='line_1_33' title="bbox 99 2232 1440 2288; baseline 0 -16"><span class='ocrx_word' id='word_1_235' title='bbox 99 2238 205 2273; x_wconf 83' lang='lat' dir='ltr'>eerta</span> <span class='ocrx_word' id='word_1_236' title='bbox 231 2238 302 2274; x_wconf 85' lang='lat' dir='ltr'>est.</span> <span class='ocrx_word' id='word_1_237' title='bbox 355 2237 454 2273; x_wconf 88' lang='lat' dir='ltr'>Sunt</span> <span class='ocrx_word' id='word_1_238' title='bbox 488 2235 646 2284; x_wconf 85' lang='lat' dir='ltr'>quidem</span> <span class='ocrx_word' id='word_1_239' title='bbox 681 2236 748 2283; x_wconf 92' lang='lat' dir='ltr'>qui</span> <span class='ocrx_word' id='word_1_240' title='bbox 782 2246 885 2271; x_wconf 82' lang='lat' dir='ltr'>anno</span> <span class='ocrx_word' id='word_1_241' title='bbox 921 2234 1007 2271; x_wconf 88' lang='lat'><strong>731.</strong></span> <span class='ocrx_word' id='word_1_242' title='bbox 1033 2235 1097 2271; x_wconf 81' lang='lat' dir='ltr'>vel</span> <span class='ocrx_word' id='word_1_243' title='bbox 1124 2235 1207 2272; x_wconf 90' lang='lat'><strong>732.</strong></span> <span class='ocrx_word' id='word_1_244' title='bbox 1236 2232 1440 2288; x_wconf 86' lang='lat' dir='ltr'>(Kirclm.)</span> 
     </span>
     <span class='ocr_line' id='line_1_34' title="bbox 98 2297 1439 2347; baseline 0.001 -14"><span class='ocrx_word' id='word_1_245' title='bbox 98 2297 139 2334; x_wconf 90' lang='lat' dir='ltr'>id</span> <span class='ocrx_word' id='word_1_246' title='bbox 163 2300 292 2335; x_wconf 87' lang='lat' dir='ltr'>ortum</span> <span class='ocrx_word' id='word_1_247' title='bbox 318 2297 564 2347; x_wconf 85' lang='lat' dir='ltr'>conjectent,</span> <span class='ocrx_word' id='word_1_248' title='bbox 601 2297 705 2345; x_wconf 88' lang='lat' dir='ltr'>quod</span> <span class='ocrx_word' id='word_1_249' title='bbox 742 2297 792 2333; x_wconf 87' lang='lat' dir='ltr'>ad</span> <span class='ocrx_word' id='word_1_250' title='bbox 825 2297 871 2335; x_wconf 82' lang='lat' dir='ltr'>L.</span> <span class='ocrx_word' id='word_1_251' title='bbox 898 2297 1094 2346; x_wconf 78' lang='lat' dir='ltr'>Sestium,</span> <span class='ocrx_word' id='word_1_252' title='bbox 1133 2307 1210 2334; x_wconf 86' lang='lat' dir='ltr'><strong>cos.</strong></span> <span class='ocrx_word' id='word_1_253' title='bbox 1239 2307 1326 2335; x_wconf 86' lang='lat' dir='ltr'>ann.</span> <span class='ocrx_word' id='word_1_254' title='bbox 1354 2298 1439 2336; x_wconf 88' lang='lat'><strong>731.</strong></span> 
     </span>
     <span class='ocr_line' id='line_1_35' title="bbox 100 2345 1439 2408; baseline 0.002 -15"><span class='ocrx_word' id='word_1_255' title='bbox 100 2358 323 2408; x_wconf 86' lang='lat' dir='ltr'>suffectum,</span> <span class='ocrx_word' id='word_1_256' title='bbox 364 2359 554 2406; x_wconf 83' lang='lat' dir='ltr'>scriptum</span> <span class='ocrx_word' id='word_1_257' title='bbox 589 2359 650 2395; x_wconf 87' lang='lat' dir='ltr'>sit.</span> <span class='ocrx_word' id='word_1_258' title='bbox 703 2358 780 2395; x_wconf 88' lang='lat' dir='ltr'>Sed</span> <span class='ocrx_word' id='word_1_259' title='bbox 819 2359 886 2394; x_wconf 87' lang='lat' dir='ltr'>isti</span> <span class='ocrx_word' id='word_1_260' title='bbox 919 2345 1036 2394; x_wconf 78' lang='lat' dir='ltr'>nimis</span> <span class='ocrx_word' id='word_1_261' title='bbox 1071 2358 1215 2394; x_wconf 81' lang='lat' dir='ltr'>curiosi</span> <span class='ocrx_word' id='word_1_262' title='bbox 1241 2360 1342 2396; x_wconf 82' lang='lat' dir='ltr'>sunt.</span> <span class='ocrx_word' id='word_1_263' title='bbox 1392 2359 1439 2396; x_wconf 90' lang='lat' dir='ltr'>In</span> 
     </span>
     <span class='ocr_line' id='line_1_36' title="bbox 101 2419 1438 2469; baseline 0 -14"><span class='ocrx_word' id='word_1_264' title='bbox 101 2419 211 2457; x_wconf 88' lang='lat' dir='ltr'>codd.</span> <span class='ocrx_word' id='word_1_265' title='bbox 239 2421 388 2469; x_wconf 85' lang='lat' dir='ltr'>aliquot</span> <span class='ocrx_word' id='word_1_266' title='bbox 415 2422 455 2456; x_wconf 88' lang='lat' dir='ltr'>et</span> <span class='ocrx_word' id='word_1_267' title='bbox 481 2421 523 2456; x_wconf 92' lang='lat' dir='ltr'>in</span> <span class='ocrx_word' id='word_1_268' title='bbox 548 2419 738 2467; x_wconf 85' lang='lat' dir='ltr'>Porphyr.</span> <span class='ocrx_word' id='word_1_269' title='bbox 768 2419 899 2456; x_wconf 85' lang='lat' dir='ltr'>seholl.</span> <span class='ocrx_word' id='word_1_270' title='bbox 927 2419 1076 2455; x_wconf 85' lang='lat' dir='ltr'>Sestius</span> <span class='ocrx_word' id='word_1_271' title='bbox 1111 2419 1175 2456; x_wconf 80' lang='lat' dir='ltr'>hic</span> <span class='ocrx_word' id='word_1_272' title='bbox 1200 2420 1438 2456; x_wconf 83' lang='lat' dir='ltr'>Horatianus</span> 
     </span>
     <span class='ocr_line' id='line_1_37' title="bbox 100 2479 1438 2527; baseline -0.001 -11"><span class='ocrx_word' id='word_1_273' title='bbox 100 2479 240 2518; x_wconf 85' lang='lat' dir='ltr'>dieitur</span> <span class='ocrx_word' id='word_1_274' title='bbox 277 2483 518 2521; x_wconf 74' lang='lat' dir='ltr'>consularis.</span> <span class='ocrx_word' id='word_1_275' title='bbox 567 2481 696 2524; x_wconf 75' lang='lat' dir='ltr'>Quale</span> <span class='ocrx_word' id='word_1_276' title='bbox 722 2481 938 2518; x_wconf 72' lang='lat' dir='ltr'>verisimile</span> <span class='ocrx_word' id='word_1_277' title='bbox 963 2480 1005 2516; x_wconf 83' lang='lat' dir='ltr'>fit</span> <span class='ocrx_word' id='word_1_278' title='bbox 1030 2480 1324 2527; x_wconf 85' lang='lat' dir='ltr'>intelligendum</span> <span class='ocrx_word' id='word_1_279' title='bbox 1351 2491 1438 2516; x_wconf 83' lang='lat' dir='ltr'>esse</span> 
     </span>
     <span class='ocr_line' id='line_1_38' title="bbox 97 2540 1437 2600; baseline 0 -23"><span class='ocrx_word' id='word_1_280' title='bbox 97 2540 142 2578; x_wconf 93' lang='lat' dir='ltr'>L.</span> <span class='ocrx_word' id='word_1_281' title='bbox 170 2541 349 2594; x_wconf 86' lang='lat' dir='ltr'>Sestium,</span> <span class='ocrx_word' id='word_1_282' title='bbox 377 2554 493 2593; x_wconf 88' lang='lat' dir='ltr'>quem</span> <span class='ocrx_word' id='word_1_283' title='bbox 518 2543 733 2592; x_wconf 83' lang='lat' dir='ltr'>Augustus,</span> <span class='ocrx_word' id='word_1_284' title='bbox 761 2544 988 2600; x_wconf 79' lang='lat' dir='ltr'>postquam</span> <span class='ocrx_word' id='word_1_285' title='bbox 994 2552 1097 2581; x_wconf 79' lang='lat' dir='ltr'>anno</span> <span class='ocrx_word' id='word_1_286' title='bbox 1123 2541 1208 2579; x_wconf 87' lang='lat'><strong>731.</strong></span> <span class='ocrx_word' id='word_1_287' title='bbox 1236 2540 1437 2578; x_wconf 84' lang='lat' dir='ltr'>consulatu</span> 
     </span>
    </p>
   </div>
   <div class='ocr_carea' id='block_1_3' title="bbox 100 2597 1437 2700">
    <p class='ocr_par' dir='ltr' id='par_1_11' title="bbox 100 2597 1437 2700">
     <span class='ocr_line' id='line_1_39' title="bbox 100 2597 1437 2700; baseline -0.001 -61"><span class='ocrx_word' id='word_1_288' title='bbox 100 2613 142 2640; x_wconf 90' lang='lat' dir='ltr'>se</span> <span class='ocrx_word' id='word_1_289' title='bbox 169 2602 384 2655; x_wconf 84' lang='lat' dir='ltr'>abdicavit,</span> <span class='ocrx_word' id='word_1_290' title='bbox 418 2605 461 2642; x_wconf 88' lang='lat' dir='ltr'>in</span> <span class='ocrx_word' id='word_1_291' title='bbox 494 2605 622 2643; x_wconf 86' lang='lat' dir='ltr'>locum</span> <span class='ocrx_word' id='word_1_292' title='bbox 656 2615 768 2641; x_wconf 86' lang='lat' dir='ltr'>suum</span> <span class='ocrx_word' id='word_1_293' title='bbox 803 2603 955 2664; x_wconf 75' lang='lat' dir='ltr'>suffecit</span> <span class='ocrx_word' id='word_1_294' title='bbox 976 2599 1221 2700; x_wconf 56' lang='grc' dir='ltr'><strong>(Ρίοιὲἓίεε.</strong></span> <span class='ocrx_word' id='word_1_295' title='bbox 1248 2602 1310 2653; x_wconf 86' lang='grc'>53,</span> <span class='ocrx_word' id='word_1_296' title='bbox 1337 2597 1396 2644; x_wconf 80' lang='grc'>32.</span> <span class='ocrx_word' id='word_1_297' title='bbox 1397 2597 1437 2655; x_wconf 88' lang='grc'>),</span> 
     </span>
    </p>
   </div>
  </div>
 </body>
</html>
