1659 2948
656 202 930 243 „12-

129 316 250 363 tuere,
277 312 372 350 urbe
404 313 518 360 atque
544 308 655 347 Italia
680 309 843 358 profecti
864 306 958 362 27)”7
993 319 1079 346 cum
1103 309 1276 347 Athenas
1310 321 1444 359 perve-

127 375 276 411 nissent
300 373 541 420 maximeque
567 382 590 408 a
607 371 739 419 Bruto,
766 370 832 416 qui
858 370 955 406 clam
980 367 1123 405 bellum
1139 373 1341 417 paraturus
1360 371 1444 420 phi-

126 435 325 483 losophiae
353 434 520 471 studium
546 431 761 478 simulabat,
788 439 921 466 omnes
947 429 1015 477 qui
1040 429 1205 466 Athenis
1238 443 1445 469 commora—

125 497 267 533 bantur
291 494 453 533 Romani
480 492 644 539 juvenes
679 489 729 527 ad
755 501 860 527 arma
893 490 1052 527 excitati
1078 492 1209 528 essent
1229 488 1446 544 ²⁸)‚fetiam

124 557 308 594 Horatius
343 567 366 592 a
390 553 513 591 literis
548 551 597 588 ad
622 550 798 588 militiam
823 553 1023 600 protrusus
1051 553 1110 587 est
1131 548 1215 604 ²⁹),
1251 552 1398 602 „Bruto
1423 563 1447 588 a

125 618 262 655 studiis
296 612 583 663 philosophiae,
618 612 659 648 in
692 623 768 660 qua
794 614 885 650 tunc
911 615 993 649 erat
1019 612 1161 650 celebri
1186 613 1355 663 nomine,
1385 624 1445 650 co-

123 679 251 725 gnitus
273 673 372 728 ³⁰).⁷⁷
430 674 566 722 Itaque
599 675 662 710 vel
694 674 847 711 labente
881 685 982 711 anno
1016 674 1101 711 710.
1141 675 1203 711 vel
1241 673 1354 711 initio
1389 684 1447 710 se-

123 737 275 787 quentis
301 735 475 773 Athenas
500 735 679 785 reliquit3
705 735 810 772 haud
836 735 951 772 dubie
979 735 1082 772 enim
1106 746 1183 772 una
1210 746 1296 772 cum
1313 735 1447 783 Bruto,

123 812 146 836 a
172 809 247 847 quo
273 797 451 834 tribunus
477 796 641 833 militum
674 796 798 833 factus
825 799 909 833 erat
928 792 1011 849 ³¹),
1052 796 1159 833 abiit.
1220 797 1349 844 Atque
1384 795 1447 832 hic

121 860 298 909 quidem,
332 859 537 906 postquam
564 857 720 895 Cassius
747 857 796 894 ad
823 858 937 904 Syros
964 857 1182 907 contendit,
1216 857 1382 906 primum
1406 857 1448 893 in

122 921 360 970 superiorem
368 918 635 956 Macedoniam
648 920 841 967 profectus
856 929 943 955 mox
955 919 1168 956 transmisit
1184 919 1225 955 in
1233 919 1385 956 Asiam³
1394 915 1447 970 ²),

120 985 165 1019 ut
191 994 280 1019 suos
305 980 447 1018 milites
475 990 590 1028 quam
615 979 837 1026 longissime
866 980 1044 1016 seductos
1072 979 1120 1016 ab
1147 979 1258 1016 Italia
1285 990 1335 1016 ex
1358 989 1446 1027 pro-

119 1043 341 1080 vincialium
377 1041 516 1089 opibus
556 1041 687 1077 aleret.
750 1041 809 1078 Ita
842 1041 1024 1078 Horatius
1062 1050 1214 1089 quoque
1247 1040 1289 1076 in
1314 1040 1448 1077 Asiam

119 1105 226 1141 venit
247 1102 320 1158 ³³).
374 1102 499 1139 Semel
524 1102 666 1138 Brutus
691 1101 733 1137 in
759 1102 953 1150 Europam
980 1114 1021 1139 se
1047 1102 1216 1151 recepit,
1252 1101 1356 1149 quod
1380 1112 1448 1138 no-

119 1177 188 1202 vos
214 1166 255 1202 in
279 1164 510 1201 Macedonia
534 1164 660 1200 motus
687 1164 878 1199 metueret
897 1159 979 1216 ³⁴),
1008 1163 1077 1200 sed
1102 1163 1218 1200 rebus
1244 1162 1448 1199 confirma-

120 1227 169 1263 tis
195 1226 238 1263 in
255 1226 389 1263 Asiam
414 1226 591 1262 revectus
619 1226 689 1261 est.
743 1224 867 1268 Quem
893 1225 959 1262 ubi
980 1225 1135 1262 Cassius
1154 1225 1336 1271 Smyrnae
1358 1234 1447 1260 con-

119 1288 239 1337 venit,
266 1289 428 1335 uterque
455 1285 586 1322 audita
612 1286 897 1322 triumvirorum
915 1286 1191 1335 conjuratione,
1219 1296 1317 1334 quae
1336 1295 1386 1321 ex
1401 1286 1445 1321 V.

121 1348 276 1386 Calend.
303 1347 506 1386 Decembr.
534 1357 621 1383 ann.
650 1358 686 1383 u.
716 1359 746 1384 c.
776 1347 860 1383 711.
888 1348 1107 1384 renuntiata
1133 1349 1229 1396 erat,
1258 1345 1447 1383 communi

120 1410 279 1446 consilio
306 1420 375 1458 pro
402 1409 537 1457 populi
561 1408 724 1445 Romani
748 1408 926 1444 libertate
953 1409 1144 1454 agendum
1176 1410 1282 1443 ratus
1303 1405 1448 1451 junctis

120 1471 266 1507 viribus
292 1470 333 1507 in
359 1470 627 1507 Macedoniam
653 1468 825 1516 trajecit,
853 1469 915 1504 vel
940 1469 1217 1516 proliibituruS‚
1245 1466 1448 1514 quominus

208 1621 268 1662 27)
292 1621 405 1660 Vellej.
431 1621 462 1657 2,
487 1621 538 1652 62.

209 1688 269 1728 28)
293 1687 352 1718 Dio
377 1687 470 1718 Cass.
494 1687 547 1726 47,
572 1686 626 1718 20.
672 1686 758 1718 Plut.
781 1686 869 1718 Brut.
894 1686 946 1718 23.
972 1684 1025 1718 24.

209 1754 269 1794 29)
291 1753 399 1794 Epist.
423 1755 455 1790 2.
480 1754 513 1786 2.
539 1752 593 1785 47.
640 1753 817 1794 Civilisque
840 1752 949 1784 rudem
972 1751 1047 1783 beili
1071 1751 1143 1781 tulit
1166 1754 1275 1782 aestus
1299 1752 1330 1782 in
1348 1761 1446 1784 arma.

121 1800 160 1830 cf.
184 1799 285 1830 Mass.
310 1799 368 1830 vit.
391 1809 421 1839 p.
445 1798 499 1830 46.
536 1797 711 1834 Weichert-
735 1798 775 1829 de
797 1797 874 1829 Var.
900 1800 933 1828 et
956 1797 1048 1827 Cass.
1073 1806 1104 1837 p.
1129 1796 1204 1828 329.

209 1866 269 1906 30)
294 1867 376 1897 Sunt
399 1865 499 1896 verba
522 1864 620 1895 schol.
646 1865 743 1905 Cruq.
766 1864 808 1895 ad
833 1865 928 1905 epist.
952 1864 983 1899 2,
1007 1864 1039 1895 2.
1065 1863 1117 1895 47.

211 1931 270 1970 31)
294 1932 427 1962 Sueton.
451 1932 515 1962 vit.
536 1931 645 1969 „Bello
669 1930 865 1971 Philippensi
890 1929 1015 1961 excitus
1038 1939 1058 1960 a
1074 1929 1117 1961 M.
1133 1928 1232 1960 Bruto
1257 1930 1449 1971 imperatore

122 1976 267 2007 tribunus
291 1976 423 2007 militum
446 1976 594 2006 meruit.'‘
617 1976 694 2006 Hor.
718 1976 789 2006 Sat.
813 1975 844 2012 1,
869 1976 900 2006 6.
925 1975 985 2006 48:

323 2022 423 2054 Quem
446 2019 561 2050 rodunt
585 2029 694 2050 omnes
716 2019 865 2049 libertino
889 2022 982 2059 patre
1006 2021 1123 2054 natum,

321 2065 417 2096 Nunc
439 2065 514 2104 quia
529 2073 597 2094 sum
613 2064 683 2101 tibi,
706 2063 889 2098 Maecenas.
913 2063 1086 2098 convictor,
1109 2064 1144 2092 at
1167 2062 1249 2100 olim,

323 2109 414 2143 Quod
436 2109 511 2140 mihi
534 2110 664 2149 pareret
687 2108 769 2148 legio
793 2108 939 2139 Romana
961 2107 1100 2138 tribuno.

212 2177 271 2218 32)
293 2176 354 2207 1)ὶο
378 2176 431 2215 47,
454 2175 509 2208 24.

212 2244 272 2283 33)
296 2243 375 2274 Post
390 2242 576 2274 Massonum
600 2241 701 2273 fusius
724 2241 784 2273 hoc
807 2241 948 2272 ostendit
964 2240 1104 2272 Sclnnid.
1128 2240 1170 2272 ad
1194 2242 1289 2281 epist.
1314 2240 1344 2275 1.
1361 2241 1393 2272 3.
1412 2241 1445 2273 4.

126 2291 157 2319 ct
179 2288 211 2325 1,
233 2288 287 2319 11.
312 2288 342 2319 7.
373 2288 534 2329 probantt.
580 2287 710 2317 Passow
741 2297 772 2327 p.
796 2286 933 2317 XXXII.
963 2290 1027 2317 not.
1053 2286 1105 2318 92.
1151 2286 1270 2316 Weich.
1309 2285 1350 2316 de
1371 2285 1447 2316 Var.

126 2335 158 2363 ct
171 2333 262 2363 Cass.
286 2342 317 2373 p.
330 2332 383 2365 40.
406 2334 472 2363 not.
496 2333 548 2364 32.
574 2331 699 2363 Grotef.
723 2341 754 2371 p.
778 2331 852 2362 459.
874 2340 904 2361 a.
934 2331 1056 2369 (Minus
1079 2331 1233 2362 debebam
1257 2329 1446 2361 confidenti—

125 2377 236 2417 loquus
259 2387 340 2409 esse.
387 2377 471 2408 Nam
494 2377 586 2408 nimis
608 2387 658 2407 me
682 2375 842 2407 credulum
865 2376 904 2407 iis
928 2385 1005 2416 quos
1028 2375 1156 2407 laudavi
1172 2375 1349 2406 accessisse
1366 2383 1447 2405 nunc

126 2422 200 2452 mihi
223 2421 384 2462 persuasit
406 2421 610 2452 acutissimus
632 2420 866 2458 Lzoehmannus,
890 2423 1079 2461 praeceptor
1101 2430 1190 2452 meus
1212 2420 1265 2459 pie
1288 2428 1445 2450 veneran—

127 2465 196 2503 dus,
231 2467 284 2506 qui
316 2466 348 2497 in
382 2469 471 2497 tanto
507 2469 663 2497 certorum
697 2467 952 2505 argumentorum
983 2465 1108 2496 defectu
1140 2465 1182 2496 nii
1212 2463 1297 2494 aliud
1328 2466 1447 2496 certmn

128 2520 200 2540 esse
222 2520 272 2541 mc
296 2510 432 2549 edocuit,
456 2520 549 2552 quam
572 2510 764 2553 potuisse
787 2510 952 2541 Horatium
977 2510 1007 2541 in
1032 2509 1138 2541 Asiam
1161 2508 1301 2545 venire)

216 2575 274 2616 34)
296 2576 355 2609 Dio
381 2577 439 2617 47,
463 2578 516 2610 25.
