1643 2959
669 221 724 228 -
766 198 848 241 ποι
894 220 960 228 —-

146 314 299 360 tempus
325 320 414 347 eum
448 311 611 346 curaret.
639 310 686 347 cf.
713 309 790 347 Dio
819 310 925 347 Cass.
952 309 1022 359 53,
1056 309 1116 346 30.
1152 309 1212 347 31.
1249 311 1289 346 et
1319 309 1474 346 Sueton.

145 374 245 419 Aug.
272 373 332 409 59.
351 371 515 408 -Plin.
543 371 580 408 h.
599 382 637 407 n.
666 371 728 421 25,
756 372 791 408 7.
819 367 946 422 (38.)=
975 371 1141 421 „Frater
1165 372 1200 408 is
1226 371 1300 408 fuit
1325 371 1477 420 Musae,

146 446 171 471 a
196 445 272 483 quo
298 434 443 472 Divum
476 435 695 480 Augustum
730 435 1001 470 conservatum
1035 433 1304 470 indicavimus,
1356 432 1481 470 Iidem

145 496 516 533 fratres-instituere
543 506 567 531 a
592 495 756 531 balineis
788 493 944 543 friyida
968 495 1089 531 multa
1123 506 1287 546 corpora
1313 494 1480 531 adstrin-

146 567 250 604 gere.
301 558 430 595 Antea
455 568 535 594 non
552 558 636 594 erat
652 568 757 606 mos,
784 557 861 593 nisi
889 559 1025 595 calida
1042 559 1192 594 tantum
1218 558 1354 606 lavari,
1382 556 1482 592 sicut

146 619 252 667 apud
284 620 497 656 Homerum
531 619 650 656 etiam
681 619 939 655 invenimus.”
990 619 1047 656 Id.
1075 619 1162 656 libr.
1197 620 1270 670 29,
1308 619 1342 655 l.
1378 613 1482 670 (5.):

148 680 253 730 „Sed
278 683 318 717 et
343 681 409 717 illa
434 681 629 717 Antonius
664 681 779 717 Musa
813 679 986 727 ejusdem
1021 682 1256 718 auctoritate
1282 681 1377 718 Divi
1402 680 1482 717 Au-

147 743 272 793 gusti,
309 754 425 791 quem
451 745 659 780 contraria
683 744 886 780 medicina
911 743 1021 789 gravi
1046 744 1218 791 periculo
1247 741 1484 779 exemerat.'⁷

248 804 399 847 Quodsi
425 804 610 840 Horatius
637 815 774 840 revera
800 805 1041 852 antiquatam
1076 805 1260 842 medendi
1293 803 1485 840 rationem

147 876 235 902 cum
266 865 346 901 levi
380 867 605 912 contemptu
639 865 835 914 respexit,
872 866 1076 914 epistolam
1111 868 1267 913 oportet
1302 865 1486 913 scriptam

148 937 235 964 esse
261 926 326 962 vel
351 926 438 975 ipso
465 937 567 963 anno
594 926 680 963 731.
717 927 779 963 vel
805 926 915 963 brevi
941 929 1042 975 post.
1096 927 1226 974 Atque
1254 928 1310 963 ita
1336 927 1393 962 nil
1419 925 1486 961 ha-

147 987 216 1024 bet
247 987 357 1038 miri,
402 988 506 1037 quod
548 988 655 1025 laesa
691 990 972 1025 sententiarum
1006 989 1268 1026 concinnitate
1300 986 1487 1034 fomenta

149 1052 509 1086 commemorantur.
580 1049 765 1098 Alioquin
806 1060 886 1087 non
929 1050 1147 1088 dubitarem
1188 1061 1274 1089 cum
1315 1049 1487 1087 Buherio

149 1112 319 1149 scribere
344 1116 532 1151 tomenta.

248 1213 543 1250 EPISTOLA
567 1214 654 1251 111.
684 1217 806 1265 „Juli
830 1216 977 1255 Flore„
1002 1227 1036 1252 a.
1057 1215 1142 1252 734.
1169 1215 1387 1263 perscripta
1414 1215 1487 1263 est,

148 1286 236 1313 cum
260 1276 442 1314 Tiberius
470 1276 518 1312 ab
545 1277 724 1326 Augusto
750 1279 792 1314 in
817 1279 952 1315 Asiam
979 1278 1121 1314 missus
1151 1279 1256 1327 erat,
1284 1279 1327 1312 ut
1353 1276 1488 1322 Tigra-

149 1349 241 1374 nem
279 1338 322 1375 in
360 1338 570 1375 Armeniae
609 1349 772 1385 regnum
807 1339 1028 1376 deduceret.
1082 1339 1160 1376 Dio
1201 1340 1307 1376 Cass.
1348 1338 1418 1387 54,
1452 1338 1488 1373 9.

149 1399 284 1446 Vellej.
313 1400 358 1449 2,
385 1400 446 1435 94.
475 1401 631 1437 Sueten.
660 1402 746 1439 Tib.
774 1402 810 1439 9.
838 1403 930 1439 Tac.
958 1403 1060 1438 Ami.
1088 1401 1134 1451 2,
1169 1401 1204 1437 3.
1243 1400 1368 1437 Strab.
1403 1399 1491 1436 libr.

152 1462 211 1498 17.
239 1473 276 1510 p.
306 1462 391 1499 821.
418 1463 554 1499 Horat.
583 1463 696 1512 epist.
728 1464 771 1513 1,
801 1464 860 1500 12.
889 1464 948 1500 26.
977 1463 1126 1500 Tiberii
1152 1463 1193 1499 in
1219 1463 1379 1500 cohorte
1405 1463 1491 1498 Ju-

151 1526 231 1561 lius
255 1525 405 1562 Florus
432 1526 528 1573 erat,
557 1525 618 1561 cui
646 1526 812 1573 epistola
838 1525 1027 1574 inscripta
1053 1527 1124 1561 est.
1153 1526 1199 1562 cs.
1221 1525 1393 1562 Masson.
1422 1523 1489 1559 vit.

152 1586 246 1622 Hor.
274 1596 312 1634 p.
341 1585 554 1622 285-87.
584 1589 624 1623 et
649 1587 740 1624 Jani
767 1588 899 1635 templ.
928 1597 1046 1624 reser.
1076 1598 1114 1635 p.
1144 1587 1228 1623 115.
1257 1589 1297 1624 et
1325 1586 1409 1622 149.

253 1697 548 1734 EPISTOLA
574 1697 654 1735 lv,
697 1699 822 1749 „Albi
844 1700 1103 1737 nostrorum>
1130 1701 1220 1737 ante
1248 1710 1282 1736 a.
1312 1698 1397 1735 736.
1426 1697 1492 1735 Ti-

153 1759 248 1796 bulli
262 1760 516 1797 emortualem
530 1760 675 1809 scripta
690 1761 740 1797 sit
757 1773 918 1799 neccsse
937 1764 998 1798 cst
1015 1764 1055 1799 et
1073 1764 1162 1809 post
1180 1771 1268 1797 ann.
1289 1761 1390 1810 722„
1415 1771 1493 1807 quo

155 1822 331 1860 Tibullus
358 1822 526 1870 primum
560 1823 765 1859 Horatium
798 1835 914 1860 nosse
949 1825 1115 1870 poterat.
1152 1819 1230 1873 (cf.
1264 1822 1326 1859 od.
1357 1822 1401 1872 1,
1429 1822 1491 1859 33.

156 1896 194 1933 p.
225 1879 346 1937 168).
402 1885 579 1921 Certiora
604 1896 698 1921 vero
726 1885 794 1932 qui
820 1887 1014 1932 quaerunt
1048 1884 1079 1921 ii
1112 1884 1270 1921 inanem
1295 1875 1496 1921 insumunt

156 1957 327 1995 operam.
364 1946 537 1983 Masson.
566 1946 608 1982 in
633 1946 702 1982 vit.
730 1947 823 1983 Hor.
852 1957 889 1995 p.
920 1946 1004 1982 155.
1041 1945 1255 1992 assignavit
1289 1947 1494 1995 epistolam

156 2020 191 2045 a.
220 2009 328 2058 723„
357 2008 500 2057 Spohn.
530 2007 579 2044 de
604 2007 690 2045 Tib.
719 2008 786 2044 vit.
815 2020 852 2057 p.
880 2008 910 2045 I.
939 2020 970 2045 e.
1000 2008 1035 2045 5.
1073 2008 1186 2056 eique
1222 2008 1289 2056 qui
1320 2008 1494 2057 adstipu-

156 2071 226 2108 lati
262 2072 353 2107 sunt
386 2070 501 2107 Jahn.
538 2082 575 2118 p.
612 2070 720 2119 274„
763 2070 921 2107 Passov.
961 2070 1031 2107 vit.
1072 2072 1152 2107 not.
1195 2070 1296 2119 152„
1334 2071 1492 2109 Kirchn.

157 2134 307 2182 quaest.
335 2144 373 2180 p.
401 2132 437 2168 5.
466 2129 502 2182 ἓ.
531 2133 567 2168 9.
596 2142 697 2168 anno
725 2131 834 2182 729.;
870 2131 1082 2169 Weichert.
1120 2131 1169 2168 de
1199 2133 1288 2170 Var.
1318 2134 1357 2168 et
1385 2133 1491 2170 0355.

158 2206 197 2243 p.
225 2194 311 2231 238.
341 2196 381 2230 et
408 2194 555 2230 Grotef.
584 2205 622 2242 p.
644 2194 735 2242 473.
764 2193 876 2230 annis
903 2194 992 2231 733.
1030 2197 1070 2231 et
1095 2194 1156 2231 34.
1184 2215 1235 2222 —
1274 2194 1347 2231 Cui
1373 2194 1493 2242 igitur

159 2256 275 2293 fidem
300 2252 493 2293 habebis?

261 2349 604 2388 EPISTOLAM
638 2350 695 2386 V.
737 2354 814 2401 „Si
851 2358 967 2400 poles
1009 2352 1219 2391 Archiacis
1228 2354 1270 2403 ‚⁹²
1304 2363 1402 2401 quae
1445 2363 1494 2388 cx

162 2413 375 2451 Weicherti
404 2409 482 2465 (de
508 2413 597 2449 Var.
627 2414 667 2449 et
695 2413 802 2450 Cass.
830 2425 868 2461 p.
897 2415 1053 2463 304sq.
1083 2415 1128 2452 cf.
1157 2415 1218 2452 od.
1247 2415 1284 2464 4,
1311 2413 1375 2464 7.)
1404 2424 1494 2451 con-

159 2476 310 2522 jectura
336 2475 385 2512 ad
421 2475 462 2512 C.
499 2475 679 2512 Nonium
712 2474 980 2522 Asprenatem
1016 2477 1262 2526 Torquatum
1295 2475 1386 2511 data
1421 2477 1494 2525 est,

164 2536 311 2584 aliquot
336 2537 447 2573 amiis
473 2539 563 2584 post
589 2548 622 2573 a.
651 2536 737 2574 728.
765 2539 947 2586 scriptam
982 2550 1068 2575 esse
1104 2538 1267 2575 efficitur
1301 2547 1416 2573 versu
1443 2537 1494 2586 4.,

167 2598 207 2635 in
233 2608 309 2646 quo
334 2599 529 2647 Torquato
554 2601 653 2637 vina
680 2600 815 2638 Tauro
840 2601 986 2639 iterum
1014 2611 1092 2639 cos.
1121 2597 1168 2651 (i.
1193 2611 1227 2636 e.
1256 2609 1358 2636 anno
1384 2595 1493 2651 728.)
