1659 2948
699 194 978 235 *23—

171 305 279 351 Ergo
313 304 451 342 eodem
484 314 585 341 anno
620 306 659 340 et
692 303 818 341 Satira
851 304 1003 341 Horatii
1036 305 1163 353 prima
1197 305 1315 346 scribi
1339 308 1506 358 poterat,

176 368 216 403 et
242 366 275 403 si
310 366 453 415 scripta
487 368 568 415 est,
604 367 686 401 tota
721 365 864 412 sylloge
899 366 1081 413 evulgari.
1141 365 1264 415 quue
1297 378 1434 406 revera
1458 379 1510 407 eo

173 563 223 594 nis
247 565 280 594 et
303 563 503 595 Maecenatis
535 563 620 594 solus
651 571 763 602 agrum
786 570 878 602 quem
901 562 1054 593 amiserat
1077 564 1223 604 recipere
1243 564 1371 595 meruit.
1416 563 1510 596 Tunc

173 608 204 639 ei
226 609 392 648 proposuit
415 609 534 646 Pollio,
558 610 593 638 ut
616 615 764 640 carmen
788 607 997 638 Bucolicum
1020 609 1199 647 scriberet,
1229 609 1313 649 quod
1337 618 1408 641 eum
1429 619 1508 641 con-

172 655 239 684 stat
268 654 419 685 triennio
443 654 501 692 (cf.
532 652 646 683 Donat.
670 652 728 683 vit.
753 650 784 691 ἓ.
809 651 880 691 36.)
911 652 1082 692 scripsisse
1113 656 1146 683 et
1178 654 1375 686 emendasse.
1427 654 1509 686 Item

170 698 338 739 proposuit
373 698 544 728 Maecenas
577 697 774 738 Georgica,
814 705 896 736 quae
936 697 1067 737 scripsit
1106 697 1348 738 emendavitque
1376 694 1508 740 'septem

171 744 275 774 annis
298 742 356 780 (cf.
379 742 495 773 Donat.
518 742 577 772 vit.
602 740 633 781 ἓ.
657 742 743 780 40.).
791 740 913 771 Postea
942 742 983 771 ab
1014 741 1159 781 Augusto
1189 741 1366 773 Aeneidem
1388 753 1508 784 propo-

169 788 266 818 sitam
287 786 418 827 scripsit
441 787 545 818 anuis
567 786 751 822 undecim;
776 785 832 816 sed
856 794 916 816 nec
941 786 1142 824 emendavit,
1166 795 1226 817 nec
1243 786 1372 817 edidit.”
1418 789 1508 821 Quae

168 831 364 871 computatio
396 831 565 862 verissima
596 831 655 861 est.
711 829 782 860 Nec
813 832 883 861 erat
921 830 1006 870 quod
1037 830 1183 871 Heynius
1215 831 1291 869 (vit.
1322 831 1411 872 Virg.
1434 841 1507 864 ann.

168 876 264 916 725.)
289 885 358 906 eam
390 877 476 907 inter
507 878 684 907 commenta
715 874 1002 906 Grammaticorum
1033 876 1182 906 referret.
1237 875 1399 916 Georgica
1428 886 1507 909 con-

167 921 254 952 fecta
277 923 351 951 sunt
374 922 414 952 ab
439 930 521 952 anno
546 931 576 951 u.
603 931 629 951 c.
648 920 723 951 718.
749 930 850 960 usque
875 920 916 950 ad
939 930 1015 950 ann.
1041 921 1117 951 725.
1165 920 1247 951 Tum
1271 921 1404 952 Aeneidi
1429 931 1507 953 con·

167 964 336 1003 ficiendae,
361 965 401 996 de
425 976 487 1007 qua
505 967 573 1006 jam
597 966 761 1005 cogitabat
780 975 849 995 cum
867 965 1029 1005 Georgica
1046 966 1204 996 scriberet
1220 965 1357 1006 (Georg.
1376 967 1406 1003 3,
1424 965 1506 1007 46.),

167 1020 298 1051 operam
330 1010 436 1050 dedit,
467 1012 718 1051 insumpsitque,
743 1010 770 1040 si
794 1019 877 1041 anno
902 1010 977 1041 724.
1003 1011 1139 1051 incepit,
1171 1019 1272 1041 annos
1295 1011 1442 1042 undecim
1464 1011 1507 1042 ad

164 1059 299 1087 mortem
322 1065 441 1096 usque,
466 1066 547 1097 quae
570 1056 683 1086 incidit
706 1055 737 1085 in
762 1064 835 1086 ann.
860 1065 890 1086 u.
916 1065 942 1086 c.
967 1055 1043 1086 735.
1060 1073 1106 1078 —
1150 1054 1198 1086 De
1216 1055 1398 1096 Georgicon
1422 1059 1506 1088 tem-

162 1101 295 1142 poribus
323 1101 428 1133 fusius
460 1110 627 1142 exponam.
679 1100 813 1131 Librum
837 1100 861 1130 Ι.
887 1100 953 1131 dixi
977 1110 1060 1131 anno
1085 1100 1161 1132 719.
1186 1100 1227 1131 ad
1260 1100 1355 1132 finem
1385 1101 1505 1142 perdu-

165 1148 250 1177 ctum
283 1149 316 1177 et
346 1147 529 1187 evulgatum
561 1156 644 1178 esse.
694 1145 778 1177 Vide
801 1145 876 1176 mihi
901 1155 942 1177 ne
973 1146 1080 1176 omnia
1109 1145 1230 1176 indicia
1251 1145 1315 1177 huc
1337 1145 1507 1187 quadrent.

158 1189 248 1222 Dicit
268 1201 300 1223 v.
323 1190 397 1222 24:

361 1236 476 1277 Tuque
499 1235 600 1273 adeo,
625 1245 718 1276 quem
742 1245 815 1266 mox
841 1245 923 1276 quae
948 1236 1014 1267 sint
1037 1235 1188 1267 habitura
1212 1234 1344 1266 deorum

360 1282 518 1319 Concilia,
543 1282 701 1312 incertum
726 1284 777 1312 est
802 1283 885 1312 caet.

161 1328 194 1358 et
215 1337 247 1359 v.
272 1325 315 1358 4⁰
338 1337 408 1401 &iia
431 1371 558 1401 facilem
582 1380 728 1408 cursum,
753 1373 852 1411 atque
875 1370 1053 1402 audacibus
1077 1370 1184 1402 adnue
1207 1370 1341 1412 coeptis,

358 1416 558 1455 Ignarosque
580 1416 653 1446 viae
677 1426 800 1446 mecum
824 1416 996 1446 miseratus
1020 1419 1168 1456 agrestes

357 1459 549 1498 Ingredere,
575 1462 607 1490 et
630 1461 715 1490 votis
734 1461 801 1500 jam
824 1470 908 1491 nunc
931 1461 1089 1492 adsuesce
1112 1461 1234 1493 vocari.

159 1501 289 1534 Etenim
320 1502 539 1539 Octavianus,
572 1503 614 1533 ad
645 1513 739 1542 quem
769 1505 851 1535 hacc
881 1506 1061 1545 pertinent,
1093 1515 1177 1536 anno
1202 1515 1232 1535 u.
1257 1515 1284 1536 c.
1309 1504 1386 1536 719.
1417 1504 1503 1536 inter

159 1548 239 1579 deos
270 1548 427 1578 tutelares
452 1557 471 1577 a
503 1547 689 1578 civitatibus
715 1549 775 1578 coli
801 1550 923 1588 coepit,
950 1553 1035 1580 teste
1058 1550 1203 1589 Appiano
1227 1550 1258 1580 b.
1283 1549 1344 1580 civ.
1369 1550 1401 1587 5,
1425 1548 1502 1581 132.

161 1587 249 1644 (καὶ
274 1585 320 1638 ἦν
339 1590 360 1628 ὁ
381 1589 537 1641 Καῒςαρ
558 1587 656 1627 ἐτῶν
683 1587 722 1636 ἒς
740 1591 830 1628 τότε
858 1590 960 1628 ὀκτώ
987 1593 1053 1628 καῖ
1068 1592 1203 1628 εἴκοσι.
1222 1593 1288 1628 καῖ
1313 1589 1434 1629 αὐτὸν
1459 1591 1502 1630 αῖ

157 1641 296 1687 πόλεις
322 1642 405 1686 τοῖς
430 1642 635 1692 σφετέροις
660 1641 775 1686 θεοῖς
802 1638 1057 1693 συνίδρυον.)
1105 1647 1149 1679 Et
1181 1648 1264 1679 bello
1295 1648 1404 1680 Siculo
1427 1649 1500 1681 feli-

159 1694 241 1726 citer
263 1693 450 1735 profligato,
477 1693 561 1734 quod
585 1694 729 1733 respexit
751 1693 841 1733 Virg.
865 1704 896 1724 v.
921 1693 994 1725 23:

358 1739 407 1769 An
432 1739 515 1770 deus
537 1739 697 1769 immensi
719 1740 841 1770 venias
863 1740 980 1770 maris
1001 1749 1040 1770 ac
1062 1742 1119 1770 tua
1142 1743 1260 1772 nautae

357 1784 499 1815 Numina
522 1784 590 1814 sola
615 1783 736 1821 colant,
761 1784 820 1814 tibi
844 1784 966 1814 serviat
989 1784 1100 1816 ultima
1124 1784 1228 1816 Thule
1252 1789 1353 1824 caet.,

159 1827 307 1868 permulti
330 1827 467 1859 honores
491 1829 551 1869 ipsi
577 1828 698 1859 decreti
722 1831 797 1858 sunt
820 1828 896 1861 ‹Dio
921 1828 980 1865 49,
1013 1829 1055 1860 15
1079 1831 1155 1869 ibiq.
1179 1830 1313 1872 interpr.
1337 1829 1387 1862 ed.
1411 1830 1497 1862 Strz.

158 1873 222 1903 vol.
246 1871 286 1902 V.
309 1882 339 1912 p.
365 1873 472 1913 588.)‚
497 1874 648 1913 perennis
672 1873 864 1912 supplicatio
897 1883 936 1903 ea
959 1873 1012 1904 die
1043 1884 1106 1913 qua
1132 1875 1266 1906 vicisset
1288 1875 1495 1914 instituenda,

158 1920 226 1948 tum
254 1919 290 1946 ut
320 1927 445 1958 semper
475 1925 614 1949 corona
645 1918 773 1949 laurea
804 1920 960 1949 uteretur.
1013 1918 1098 1950 Hinc
1128 1919 1241 1960 Virgil.
1265 1930 1285 1951 a
1315 1930 1345 1952 v.
1373 1920 1426 1952 26.
1450 1921 1496 1951 ita

156 1961 316 2003 perrexit:

487 2023 533 2028 —
558 2008 590 2036 et
613 2009 647 2036 te
669 2005 825 2036 maximus
849 2006 936 2037 orbis

357 2050 528 2082 Auctorem
551 2051 676 2090 frugum
699 2054 989 2091 tempestatumque
1011 2054 1177 2092 potentem

357 2095 522 2136 Accipiat,
547 2096 678 2135 cingens
702 2097 870 2127 materna
894 2099 1039 2136 tempora
1061 2099 1190 2137 myrto.

156 2142 192 2174 In
216 2141 266 2173 his
288 2143 365 2182 apte
388 2142 489 2172 verba
511 2144 824 2181 „tempestatumque
848 2143 1030 2181 potentem''
1054 2143 1194 2173 traxeris
1218 2142 1260 2174 ad
1281 2143 1494 2184 naufragium,

158 2196 220 2228 quo
245 2186 417 2217 Octaviani
443 2187 554 2217 classis
579 2186 621 2216 ad
644 2186 828 2216 Palinurum
851 2187 1099 2226 promontorium
1123 2197 1200 2219 vere
1221 2198 1294 2219 ann.
1317 2198 1348 2219 u.
1364 2199 1391 2220 c.
1415 2188 1492 2220 718.

155 2232 340 2273 periclitata
364 2234 414 2262 est
437 2231 520 2271 (Dio
544 2230 599 2270 49,
623 2231 653 2262 1.
677 2230 789 2270 Vellej.
815 2230 845 2268 2,
870 2231 923 2262 79.
946 2232 1083 2272 Appian.
1108 2233 1139 2263 b.
1165 2243 1192 2263 c.
1216 2235 1247 2272 5,
1272 2233 1361 2274 98.),
1385 2233 1432 2264 ita
1455 2235 1491 2264 ut

155 2280 254 2318 poeta
284 2277 399 2308 bellum
430 2276 568 2308 adversa
599 2276 727 2307 fortuna
756 2276 936 2307 inchoatum
966 2278 1007 2307 ab
1033 2277 1211 2309 Octaviano
1241 2281 1391 2320 tanquam
1412 2287 1489 2319 pro-

157 2322 305 2354 cellarum
335 2323 532 2362 mariumque
562 2324 695 2362 potente
726 2331 880 2362 prospere
910 2321 952 2352 ad
982 2321 1078 2354 finem
1107 2323 1296 2364 perductum
1325 2322 1489 2365 significa-

156 2367 249 2398 verit.
296 2367 445 2398 Certiora
466 2366 586 2397 indicia
607 2367 764 2407 praebent
787 2376 816 2397 v.
841 2366 906 2396 500
929 2376 992 2407 sq.:

353 2412 449 2443 Hunc
470 2412 583 2442 saltem
606 2421 719 2443 everso
736 2412 888 2451 juvenem
911 2420 1097 2443 succurrere
1119 2413 1226 2444 saeclo

354 2457 408 2489 Ne
430 2456 615 2498 prohibete!
661 2456 749 2486 Satis
767 2457 835 2496 jam
857 2456 980 2497 pridem
1003 2458 1159 2498 sanguine
1181 2460 1289 2490 nostro

356 2502 619 2533 Laomedonteae
643 2501 757 2532 luimus
778 2502 921 2541 perjuria
944 2501 1074 2542 Trojae.

356 2547 427 2578 Jam
449 2547 572 2588 pridem
595 2546 687 2578 nobis
712 2546 792 2577 coeli
815 2549 849 2577 te
871 2546 979 2587 regia,
1003 2547 1143 2586 Caesar,

354 2591 484 2625 Invidet
505 2595 605 2634 atque
627 2591 787 2623 hominum
809 2592 954 2633 queritur
976 2601 1090 2624 curare
1112 2591 1298 2634 triumphos.
