1643 2959
609 180 890 224 „223—

87 292 196 343 prius
222 302 338 341 quam
371 292 556 330 Horatius
580 293 758 340 Augusto
791 292 972 330 hortante
1008 293 1136 332 denuo
1169 295 1308 333 melica
1341 308 1421 335 car-

87 355 194 392 mina
227 356 486 403 componeret.
539 355 684 392 Verum
718 366 805 392 cum
839 357 956 403 poeta
990 355 1225 394 Mantuanus
1258 358 1322 395 hic
1356 360 1423 397 vix

87 417 211 466 possit
236 416 401 463 intelligi
427 411 485 468 (v.
515 416 573 453 15.
602 418 642 453 et
667 412 775 469 25.),
810 427 882 454 nec
916 416 1037 453 ullum
1071 417 1186 466 hujus
1218 419 1424 473 librivcar-

86 489 176 515 men
202 481 291 515 ante
318 489 352 515 a.
379 478 464 515 737.
492 478 678 526 scriptum
703 488 791 515 esse
827 480 895 514 aut
927 478 1129 527 probabile
1165 480 1236 531 sit,
1270 483 1338 518 aut
1363 493 1423 519 ar-

87 540 279 587 gumentis
306 541 413 577 certo
438 539 564 588 possit
590 539 737 577 evinci:
773 551 860 576 cum
885 540 935 577 iis
961 541 1083 591 facio,
1109 542 1177 590 qui
1204 542 1304 580 hane
1329 554 1423 592 quo-

85 613 161 650 que
187 601 302 638 odam
328 601 431 638 intra
456 601 642 649 temporis
669 601 880 650 cancellos,
916 602 1057 650 quibus
1091 604 1265 652 reliquae
1301 605 1423 642 inelu-

87 675 154 701 sae
180 664 279 713 sint,
308 663 493 711 scriptam
519 665 559 699 et
585 663 747 709 Virgilio
773 662 906 700 nescio
933 664 1018 713 cui,
1058 664 1223 703 sortasse
1250 667 1424 713 negotia-

87 725 164 762 tori
190 721 249 776 (V.
277 725 313 762 2.
344 725 402 762 15.
431 725 491 760 22.
520 719 626 776 25.),
662 727 705 760 ut
740 724 905 761 suadent
938 725 1062 762 Schol.
1100 727 1215 776 Cruq.
1253 730 1293 765 et
1317 729 1426 778 Aer„

91 786 311 824 dedicatam
343 797 431 822 esse
458 789 645 822 statuunt.
681 787 728 822 cf.
756 785 950 822 Vandcrb.
978 787 1053 824 vol.
1080 787 1129 825 II.
1157 799 1196 836 p.
1222 790 1425 828 390—96.

85 847 230 885 Obbar.
257 847 299 883 in
325 846 436 885 Seeb.
465 847 579 883 Jahn.
608 848 648 882 et
675 846 733 881 Kl.
762 846 889 882 annal.
920 847 1128 885 1835..v01.
1160 851 1217 887 15.
1246 863 1283 900 p.
1312 852 1424 889 72.—

85 909 242 947 Kirchn.
270 909 355 945 740.
385 908 531 944 Grotes.
559 918 596 956 p.
627 906 710 944 475.
741 906 779 945 b.
808 906 892 944 738.

187 1031 431 1070 cmm
456 1030 558 1069 XV·
600 1032 819 1081 „Phoebus
845 1034 1067 1073 rolentem'’
1092 1037 1182 1083 post
1200 1036 1425 1075 Massonum

85 1092 198 1149 (Jani
232 1096 363 1144 templ.
401 1106 520 1131 reser.
546 1105 583 1142 p.
613 1094 687 1131 213
715 1106 771 1143 sq.
800 1095 867 1133 vit.
892 1096 985 1133 Hor.
1022 1108 1060 1145 p.
1089 1097 1196 1150 357.)
1231 1101 1425 1137 communi

86 1159 166 1193 sere
192 1156 449 1205 interpretum
476 1166 667 1192 consensu
702 1158 870 1194 refertur
908 1157 956 1194 ad
984 1169 1018 1195 a.
1048 1159 1156 1208 744„
1192 1170 1268 1208 quo
1302 1162 1424 1198 Janus

85 1218 134 1254 ab
161 1218 338 1265 Augusto
366 1218 524 1254 tertium
558 1217 712 1254 clausus
741 1219 802 1255 sit.
857 1220 976 1266 Cujus
1011 1220 1101 1257 sacti
1136 1232 1182 1257 eo
1210 1222 1296 1270 ipso
1324 1233 1425 1260 anno

84 1280 288 1317 Horatium
323 1279 546 1316 meminisse
581 1279 819 1316 contendunt
853 1292 888 1317 v.
916 1281 951 1317 9.
1005 1282 1142 1330 Neque
1176 1294 1269 1320 vero
1304 1286 1426 1322 totam

84 1341 276 1378 rationem
302 1341 534 1387 conjecturis
562 1341 635 1377 niti
662 1344 701 1378 et
726 1342 967 1390 probabilem
1001 1345 1153 1381 tantum
1188 1355 1274 1381 esse
1310 1347 1425 1382 confi—

83 1405 227 1453 tentur,
255 1403 326 1440 sed
352 1405 431 1439 tam
458 1404 602 1439 certam
628 1403 851 1452 firmamque
879 1415 965 1440 eam
991 1404 1157 1455 habent,
1197 1409 1240 1443 ut
1265 1417 1338 1445 nec
1365 1419 1426 1445 ar-

84 1467 267 1512 gumenta
293 1465 458 1513 amplius
485 1465 728 1514 examinent,
764 1476 835 1502 nec
863 1476 1095 1515 quemquam
1129 1479 1176 1504 ea
1210 1468 1258 1505 de
1285 1481 1328 1506 re
1356 1469 1426 1507 du-

83 1527 296 1563 bitaturum
330 1537 418 1563 esse
452 1526 610 1563 omnino
653 1527 856 1564 confidant.
909 1528 1015 1571 Quid
1048 1529 1153 1577 quod
1188 1531 1425 1569 Kirchnerus

83 1588 125 1624 in
151 1589 300 1637 quaest.
329 1585 366 1637 ς.
394 1587 455 1623 60.
484 1599 520 1634 p.
550 1588 610 1624 31.
639 1588 894 1638 probaturus,
922 1589 1163 1641 BentleJum,
1191 1591 1283 1628 dum
1310 1603 1425 1641 quar·

83 1652 166 1686 tum
191 1649 354 1687 odarum
378 1649 520 1685 librum
546 1649 648 1686 intra
674 1661 796 1687 annos
824 1650 1024 1688 738—40.
1053 1654 1310 1701 compositum
1337 1666 1425 1691 esse

85 1713 252 1761 statuat,
288 1713 356 1747 aut
382 1710 629 1747 festinantius
657 1712 784 1758 egisse
811 1714 879 1748 aut
905 1712 1112 1750 veritatem
1138 1715 1179 1751 in
1214 1726 1307 1752 suae-
1341 1715 1424 1764 opi-

85 1772 212 1809 nionis
239 1771 404 1818 gratiam
431 1782 573 1820 susque
602 1773 727 1821 deque
756 1773 954 1822 habuisse,
983 1775 1254 1820 gravissimum
1280 1779 1320 1813 et
1345 1778 1426 1825 pri-

85 1833 249 1871 marium
275 1836 544 1880 argumentum
569 1834 619 1871 ab
655 1835 727 1871 hoc
767 1835 854 1882 ipso
893 1835 1061 1872 carmine
1101 1837 1237 1889 petiit,
1280 1839 1425 1889 quippe

85 1896 190 1945 quod
216 1895 419 1932 evidenter
444 1906 479 1932 a.
508 1896 592 1932 744.
622 1897 808 1944 scriptum
835 1895 906 1932 sit!

184 1957 337 2004 Dignus
364 1957 536 2005 profecto
562 1957 802 1994 inveteratus
828 1957 891 1994 hic
918 1969 1046 2008 error,
1087 1970 1202 2008 quem
1236 1960 1285 1999 ab
1319 1963 1426 2000 omni

84 2022 195 2068 parte
221 2018 502 2065 aggrediamur.
554 2019 686 2056 Placet
719 2019 838 2066 igitur
871 2019 926 2056 ita
961 2020 1034 2057 hoc
1067 2020 1109 2057 in
1141 2021 1227 2059 loco
1261 2024 1425 2074 versari,

84 2084 128 2118 ut
155 2081 322 2129 primum
349 2080 478 2118 missis
513 2080 700 2129 temporis
735 2080 889 2117 indiciis
917 2082 1132 2128 generatim
1159 2084 1424 2135 anquiramus,

86 2141 240 2190 quando
266 2152 423 2178 carmen
449 2142 635 2190 scriptum
663 2153 748 2179 esse
775 2142 977 2190 probabile
1013 2144 1085 2194 sit,
1125 2144 1266 2182 deinde
1305 2147 1425 2184 missa

86 2203 152 2240 illa
177 2203 267 2240 Jani
294 2202 415 2239 clausi
441 2204 636 2241 mentione
665 2203 713 2240 de
740 2203 900 2252 reliquis
927 2206 1112 2253 temporis
1138 2207 1315 2259 indiciis,
1341 2211 1424 2245 tum

87 2263 135 2300 de
162 2264 261 2301 Jano
288 2264 446 2301 tertium
473 2265 617 2316 clauso,
646 2265 814 2314 denique
842 2266 902 2304 his
931 2267 1095 2314 cognitis
1122 2267 1170 2306 de
1197 2279 1298 2307 anno
1324 2270 1424 2308 odae

87 2325 207 2362 natali
234 2335 486 2373 exponamus.

189 2387 223 2424 1.
279 2388 375 2425 Cum
400 2387 547 2425 nullum
574 2388 693 2425 totius
719 2388 810 2425 libri
838 2391 872 2426 4.
903 2403 1058 2429 carmen
1085 2392 1158 2444 sit,
1194 2393 1298 2442 quod
1331 2395 1422 2442 post

89 2459 121 2485 a.
147 2448 232 2486 740.
261 2450 463 2486 exaratum
498 2460 585 2486 esse
618 2450 834 2487 luculenter
869 2456 1057 2501 appareat
1080 2477 1132 2483 --
1156 2465 1245 2492 nam
1272 2455 1334 2491 vel
1361 2455 1422 2493 14.

88 2511 219 2557 potest
256 2511 306 2548 ad
332 2522 367 2548 a.
402 2510 487 2547 739.
528 2511 723 2559 pertinere
749 2533 800 2541 —
825 2513 1009 2563 pleraque
1051 2517 1180 2553 autem
1218 2516 1259 2552 in
1297 2526 1421 2554 annos

89 2570 174 2609 737.
193 2571 253 2610 38.
270 2572 329 2611 39.
347 2574 386 2610 et
403 2573 462 2610 40.
490 2572 682 2612 incidant:
708 2574 764 2612 nil
789 2575 929 2624 opinor
953 2577 1077 2625 magis
1104 2579 1420 2629 consentaneum,
