1659 2948
707 209 978 251 ,32-

189 318 354 369 mentio,
388 320 432 355 ut
465 318 638 368 Tigellii,
664 318 873 367 Demetrii,
899 318 1062 367 Fannii,
1103 319 1216 357 Fabii
1251 321 1505 372 aliorumque,

188 380 332 429 quippe
357 390 519 428 quorum
534 379 787 414 intermortua
804 380 885 414 erat
901 380 1098 415 memoria.
1156 382 1298 418 Contra
1321 383 1364 419 in
1377 384 1507 432 priore

187 442 332 478 nullum
364 441 591 488 vestigium,
625 439 729 486 quod
754 440 820 474 aut
841 438 970 475 villam
1003 439 1222 488 possedisse
1255 445 1409 489 poetam
1442 445 1509 481 aut

189 503 354 540 scribam
378 496 572 551 fuisseu)
599 500 882 537 commonstret.
937 500 1063 543 Quem
1089 500 1214 538 obiter
1246 503 1370 549 tangit
1394 505 1508 542 Octa-

274 681 335 721 14)
357 679 442 711 Huic
470 683 657 720 argumento
687 691 748 713 non
778 682 825 712 ita
855 682 985 713 multum
1013 682 1190 713 tribuerim.
1245 681 1329 714 Nam
1358 682 1510 724 scriptum

186 725 403 765 quaestorium
424 725 592 756 Horatium
616 726 677 756 sibi
701 736 921 767 comparasse,
953 729 989 757 ut
1012 727 1111 758 refert
1134 728 1265 758 Sueton.
1288 728 1365 766 vit.,
1394 728 1510 759 merito

184 779 236 800 me
253 769 364 809 judice
385 769 418 799 in
442 769 571 801 dubium
593 771 723 802 vocavit
752 772 936 803 Sanctdon.
967 771 1000 802 in
1025 772 1100 802 edit.
1123 772 1201 802 Hor.
1225 771 1341 810 (Amst.
1364 774 1398 802 et
1419 771 1510 812 Lips.

185 812 301 855 1756.)
325 813 415 844 Tom.
433 813 458 844 Ι.
482 824 512 854 p.
531 814 595 846 133
619 817 652 845 et
676 824 717 846 ex
740 816 972 846 recentioribus
996 817 1115 856 primus
1139 816 1336 848 Paldamus
1358 817 1408 855 (in
1432 825 1510 847 cen-

184 867 261 888 sura
290 859 437 889 Passovii
467 859 557 898 libri,
589 869 673 900 quae
702 860 818 900 legitur
847 861 879 890 in
912 860 1049 891 Seebod.
1079 861 1170 891 Jahn.
1200 863 1234 891 et
1262 860 1382 891 Klotzii
1403 861 1509 891 annal.

183 912 257 933 ann.
279 903 379 935 1835.
403 903 466 934 vol.
489 903 542 934 15.
566 913 596 944 p.
620 904 703 944 84),
734 905 816 935 scite
839 914 969 935 monens
1000 905 1094 935 istam
1125 905 1340 936 narrationem
1369 914 1410 936 ex
1441 905 1509 936 solo

183 957 279 979 versu
303 948 355 979 36.
379 948 449 978 Sat.
473 948 512 986 2,
544 949 574 979 6.
608 958 708 988 eoque
738 949 821 979 male
852 949 1013 979 intellecto
1044 950 1176 980 fluxisse
1199 949 1312 980 videri.
1357 949 1509 980 Profecto

183 992 277 1032 plura
299 994 374 1023 sunt
396 1001 478 1032 quae
501 992 548 1023 rei
571 991 665 1023 fidem
688 993 874 1032 infringant.
919 993 1003 1023 Nam
1028 1003 1097 1023 cum
1112 994 1297 1031 Horatium,
1322 994 1349 1024 si
1371 1003 1510 1034 unquam

183 1037 291 1067 scriba
313 1037 392 1074 fuit,
415 1036 525 1067 statim
548 1039 621 1076 post
643 1037 780 1068 reditum
803 1047 843 1068 ex
858 1037 1054 1078 Philippensi
1077 1047 1183 1078 pugna
1205 1038 1293 1068 vitae
1323 1040 1509 1069 sustentan-

183 1080 246 1111 dae
277 1090 391 1111 caussa
417 1081 473 1110 tali
503 1090 633 1112 munere
655 1082 794 1112 functum
819 1092 891 1113 esse
915 1085 947 1113 et
969 1092 1027 1122 per
1046 1092 1081 1112 se
1104 1083 1183 1112 satis
1207 1082 1357 1113 credibile
1380 1082 1423 1112 sit
1445 1081 1511 1122 (ita

179 1124 306 1165 judicat
336 1125 433 1156 etiam
463 1123 589 1155 Grotef.
619 1135 650 1165 p.
683 1125 760 1158 459.
792 1127 860 1167 b.)‚
893 1129 926 1157 et
956 1127 1101 1157 Suetonii
1131 1127 1240 1158 verbis
1271 1127 1509 1166 comprobetur:

185 1170 314 1210 „victis
342 1168 528 1212 partibus,
557 1171 660 1201 venia
690 1169 911 1211 impetratffl'
941 1170 1042 1212 (quae
1073 1171 1207 1203 Passov.
1247 1173 1312 1202 not.
1335 1170 1412 1202 105.
1435 1180 1509 1211 pag.

183 1213 340 1245 XXXIX.
363 1223 533 1254 perperam
563 1214 605 1244 ad
627 1214 660 1245 id
683 1217 807 1256 tempus
830 1216 955 1253 retulit,
987 1226 1048 1256 quo
1080 1216 1156 1246 Sex.
1179 1216 1350 1256 Pompejus
1373 1224 1510 1256 supera-

182 1261 235 1289 tus
259 1260 341 1299 est):
373 1259 486 1289 mirum
517 1268 594 1289 sane
626 1261 676 1289 est
707 1260 740 1290 in
771 1260 875 1300 priore
899 1261 1084 1291 Sermonum
1106 1261 1186 1291 libro
1209 1261 1326 1291 nullam
1347 1259 1439 1299 hujus
1462 1260 1509 1290 rei

182 1304 374 1334 mentionem
396 1302 466 1334 fieri
492 1306 525 1334 et
556 1303 711 1343 quaedam
736 1305 831 1334 etiam
855 1304 1033 1336 adversari.
1077 1303 1206 1335 Etenim
1228 1314 1290 1335 non
1314 1304 1415 1335 solum
1437 1304 1508 1334 Sat.

182 1347 222 1385 1,
247 1350 278 1378 5.
303 1348 355 1379 34.
379 1348 499 1378 acerba
521 1348 670 1378 irrisione
693 1346 872 1389 Aufidium
895 1349 1067 1391 Luscum,
1092 1350 1236 1380 insanum
1258 1349 1344 1379 illum
1361 1349 1509 1385 scribam,

181 1393 288 1431 tangit
311 1394 343 1422 et
365 1402 397 1423 v.
422 1392 474 1424 66.
506 1392 587 1422 adeo
618 1402 679 1422 non
710 1393 916 1424 honorificam
945 1394 1070 1424 scribae
1101 1394 1281 1425 Sarmenti
1305 1393 1364 1431 (cf.
1386 1392 1509 1423 Weich.

182 1446 214 1476 p.
238 1437 295 1466 rel.
319 1447 350 1477 p.
375 1437 440 1468 224
464 1447 510 1476 sq.
534 1439 599 1467 not.
622 1436 694 1477 12.)
717 1438 907 1468 mentionem
931 1438 1051 1476 injicit,
1075 1440 1111 1467 ut
1134 1448 1171 1467 eo
1195 1440 1339 1476 tempore
1360 1436 1416 1468 vix
1439 1436 1510 1476 ipse

182 1481 323 1521 potuerit
344 1481 377 1511 in
401 1481 515 1511 scribis
539 1491 625 1519 esse,
657 1481 715 1511 sed
747 1482 844 1512 etiam
872 1483 905 1511 in
937 1483 1025 1511 ritae
1055 1491 1134 1512 suae
1157 1481 1362 1521 quotidianae
1384 1480 1509 1511 descri—

181 1525 309 1565 ptione,
333 1534 426 1565 quam
449 1525 518 1555 Sat.
543 1526 579 1561 6,
609 1525 673 1556 111
704 1535 750 1565 sq.
774 1525 879 1563 dedit,
911 1525 953 1555 nil
974 1527 1069 1566 plane
1091 1526 1132 1555 de
1154 1535 1191 1555 eo
1214 1534 1345 1556 munere
1376 1525 1509 1565 profert,

183 1570 258 1609 quin
290 1570 426 1609 negotiis
458 1580 493 1599 se
521 1569 655 1600 liberum
687 1579 758 1600 esse
789 1570 955 1609 perspicue
986 1569 1134 1600 affirmat.
1173 1579 1204 1599 1·-
1234 1569 1326 1599 modo
1357 1579 1389 1600 v.
1422 1569 1508 1605 110„

182 1613 422 1655 „Quacunque
444 1612 555 1644 libido
572 1614 639 1653 est,
663 1613 795 1645 Incede
817 1611 949 1645 solusss’
972 1623 1002 1644 v.
1019 1613 1094 1645 128.
1119 1613 1355 1654 „domesticus
1373 1611 1510 1645 otior.”

181 1656 293 1689 >Solum
323 1657 407 1697 quod
437 1658 541 1697 possis
571 1657 688 1688 afferre
718 1658 934 1688 testimonium
966 1661 1015 1688 est
1045 1659 1077 1688 in
1109 1660 1178 1688 Sat.
1202 1659 1235 1696 Ι,
1268 1658 1298 1689 4.
1322 1657 1398 1689 138.
1422 1657 1508 1700 „ubi

183 1703 269 1744 quid
300 1702 408 1733 datur
438 1703 506 1744 oti,
538 1702 657 1733 Illndo
690 1700 865 1734 chartisst
911 1703 1030 1735 Quibus
1052 1703 1160 1734 verbis
1183 1703 1210 1733 si
1233 1711 1348 1734 revera
1369 1703 1509 1733 muneris

183 1747 319 1786 alicujus
341 1747 542 1777 vacationem
565 1745 775 1786 significavit,
808 1749 839 1777 et
867 1747 893 1777 si
918 1748 1058 1777 ordinem
1082 1757 1142 1787 quo
1165 1747 1314 1786 leguntur
1337 1747 1507 1777 Sermones

183 1791 357 1822 secundum
386 1792 538 1830 temporis
570 1791 701 1828 seriem,
734 1801 795 1831 qua
828 1792 938 1831 scripti
970 1795 1060 1829 sunt,
1092 1792 1299 1822 constitutum
1323 1801 1394 1822 esse
1418 1794 1508 1822 recte

184 1836 322 1866 dixeris:
346 1835 511 1873 Horatius,
536 1836 563 1865 si
587 1845 741 1875 unquam,
767 1835 896 1866 debebit
912 1836 953 1866 ad
977 1836 1009 1866 id
1027 1846 1124 1876 usque
1147 1839 1282 1876 tempus,
1306 1845 1367 1876 quo
1383 1837 1451 1866 Sat.
1475 1835 1507 1866 4.

184 1880 379 1920 composuit,
403 1881 510 1910 scriba
532 1880 650 1916 fuisse,
674 1889 776 1920 neque
798 1890 875 1911 vero
899 1882 1086 1920 posteriore.
1132 1881 1216 1911 Nam
1239 1890 1308 1911 cum
1324 1881 1508 1920 provectior

183 1927 292 1955 aetate
314 1925 498 1964 plerumque
522 1925 585 1955 ruri
610 1924 735 1964 degerit
758 1926 849 1964 (test.
872 1925 998 1962 Suet),
1031 1925 1077 1955 ita
1106 1925 1172 1955 otio
1204 1925 1345 1955 literario
1369 1924 1506 1959 deditus,

184 1971 220 1999 ut
253 1968 457 2009 epistolarum
487 1969 725 2000 scribendarum
754 1979 876 2006 munuS‚
901 1969 984 2008 quod
1007 1969 1169 2009 Angustus
1199 1969 1300 2003 (anno
1332 1969 1399 2000 fere
1422 1978 1453 1999 u.
1479 1979 1506 1999 c.

184 2012 259 2044 731.
292 2022 361 2043 cum
391 2014 592 2052 aegrotabat,
617 2023 657 2044 ex
688 2015 871 2053 conjectura
893 2014 1034 2044 Massoni
1066 2015 1122 2044 vit.
1146 2024 1177 2054 p.
1201 2015 1294 2053 226.)
1319 2014 1348 2044 ei
1379 2013 1505 2047 obtulit,

183 2057 341 2088 recusarit
363 2057 470 2095 (Suet.
492 2058 583 2087 Wiel.
607 2058 648 2087 ad
672 2068 721 2097 ep.
751 2058 782 2095 2,
807 2059 872 2098 1.),
897 2058 1011 2088 deinde
1036 2068 1105 2088 cum
1127 2058 1337 2098 improbabile
1359 2058 1401 2087 sit
1425 2066 1505 2093 eum,

184 2102 236 2132 ubi
261 2103 292 2132 in
316 2101 492 2141 principum
514 2102 730 2132 familiaritate
754 2103 830 2139 fuit,
863 2103 894 2132 in
919 2103 1093 2133 scribarum
1115 2112 1213 2141 grege
1235 2102 1368 2141 amplius
1390 2111 1505 2132 versa-

183 2148 250 2176 tum
273 2155 361 2183 esse,
385 2147 437 2186 qui
460 2146 584 2176 honesti
607 2146 732 2186 quidem
754 2156 811 2186 per
826 2157 861 2177 se
881 2149 971 2176 erant
995 2147 1079 2185 (Cic.
1097 2146 1188 2176 Verr.
1205 2147 1236 2183 3,
1260 2145 1347 2185 79.)‚
1371 2145 1428 2175 sed
1445 2154 1506 2175 an-

183 2191 430 2222 numerabuntur
451 2193 557 2221 tamen
576 2191 789 2221 ministrorum
806 2191 1048 2230 magistratuum
1070 2190 1212 2221 inferiori
1237 2190 1331 2220 classi
1347 2189 1505 2228 (Schmid.

183 2235 226 2265 ad
258 2235 350 2275 epist.
381 2235 418 2271 1,
449 2235 480 2266 S.
504 2236 571 2273 20:
603 2245 721 2265 summo
747 2236 820 2274 jure
842 2235 996 2265 Wieland.
1021 2235 1062 2264 ad
1085 2235 1144 2265 Sat
1175 2235 1210 2271 2,
1236 2235 1266 2265 6.
1291 2234 1344 2265 36.
1368 2234 1505 2273 conjecit

182 2279 350 2310 Horatium
379 2279 420 2309 ad
449 2279 482 2309 id
512 2289 612 2319 usque
634 2282 774 2320 tempus,
798 2289 858 2320 quo
881 2279 1060 2310 Maecenati
1084 2279 1262 2309 insinuatus
1285 2279 1346 2315 sit,
1379 2278 1505 2309 scribae

184 2324 350 2364 provincia
367 2324 507 2354 functum
524 2334 604 2359 esse,
628 2327 740 2364 postea
763 2334 798 2355 se
821 2324 998 2354 abdicasse.
1023 2324 1092 2354 Hoc
1114 2324 1232 2354 factum
1254 2323 1352 2354 fuerit
1373 2332 1505 2353 necesse

184 2370 235 2399 est
265 2377 347 2398 anno
370 2377 401 2399 u.
426 2378 452 2399 c.
476 2368 551 2399 717.
575 2369 642 2407 (Ita
665 2369 754 2399 Jahn.
778 2378 902 2409 quoque
925 2369 1039 2398 statuit
1062 2368 1093 2398 in
1118 2368 1194 2398 edit.
1218 2378 1248 2407 p.
1272 2367 1349 2399 270.
1375 2369 1407 2397 et
1431 2367 1504 2397 Ob-

183 2412 293 2443 barius
322 2413 353 2443 in
386 2412 628 2443 Zimmermanni
657 2413 848 2453 ephemerid.
879 2422 951 2443 ann.
982 2412 1079 2444 1834.
1103 2422 1134 2453 p.
1159 2411 1262 2452 ala).
1307 2412 1375 2445 Quo
1398 2414 1503 2442 autem

184 2459 326 2498 tempore
349 2457 478 2497 scripsit
501 2458 587 2495 (Sat.
612 2458 648 2495 2,
673 2458 703 2488 6.
727 2458 814 2497 36.);

382 2501 430 2532 De
453 2511 489 2532 re
512 2502 665 2532 communi
689 2502 814 2531 scribae
836 2510 952 2541 magna
974 2505 1071 2541 atque
1094 2510 1177 2532 nova
1199 2503 1233 2532 te

383 2546 528 2577 Orabant
550 2546 644 2576 bodie
665 2546 882 2580 meminisses,
907 2546 1041 2582 Quinte,
1066 2546 1196 2583 reverti,

186 2600 224 2622 eo
263 2590 379 2623 dudum
417 2590 559 2622 desierat
597 2590 766 2631 scriptorio
805 2599 936 2621 munere
971 2590 1069 2630 fungi.
1139 2590 1223 2621 Nam
1261 2590 1386 2621 etiamsi
1423 2589 1503 2620 nolis
