<?xml version="1.0" encoding="UTF-8"?>
<!DOCTYPE html PUBLIC "-//W3C//DTD XHTML 1.0 Transitional//EN"
    "http://www.w3.org/TR/xhtml1/DTD/xhtml1-transitional.dtd">
<html xmlns="http://www.w3.org/1999/xhtml" xml:lang="en" lang="en">
 <head>
  <title>
</title>
<meta http-equiv="Content-Type" content="text/html;charset=utf-8" />
  <meta name='ocr-system' content='tesseract 3.04.00' />
  <meta name='ocr-capabilities' content='ocr_page ocr_carea ocr_par ocr_line ocrx_word'/>
</head>
<body>
  <div class='ocr_page' id='page_1' title='image "./fastihoratianiac00franuoft_0067.png"; bbox 0 0 1679 2948; ppageno 0'>
   <div class='ocr_carea' id='block_1_1' title="bbox 616 224 888 265">
    <p class='ocr_par' dir='ltr' id='par_1_1' title="bbox 616 224 888 265">
     <span class='ocr_line' id='line_1_1' title="bbox 616 224 888 265; baseline -0.004 -12"><span class='ocrx_word' id='word_1_1' title='bbox 616 224 888 265; x_wconf 53' lang='lat'>„59—</span> 
     </span>
    </p>
   </div>
   <div class='ocr_carea' id='block_1_2' title="bbox 78 327 1418 2579">
    <p class='ocr_par' dir='ltr' id='par_1_2' title="bbox 78 327 1418 2579">
     <span class='ocr_line' id='line_1_2' title="bbox 95 327 1412 385; baseline -0.006 -11"><span class='ocrx_word' id='word_1_2' title='bbox 95 336 259 374; x_wconf 88' lang='lat' dir='ltr'>Omnino</span> <span class='ocrx_word' id='word_1_3' title='bbox 292 364 321 385; x_wconf 73' lang='lat'><em>„</em></span> <span class='ocrx_word' id='word_1_4' title='bbox 329 335 460 385; x_wconf 76' lang='lat' dir='ltr'>jocos,</span> <span class='ocrx_word' id='word_1_5' title='bbox 490 336 702 384; x_wconf 71' lang='lat' dir='ltr'>Venerem,</span> <span class='ocrx_word' id='word_1_6' title='bbox 729 334 931 382; x_wconf 71' lang='lat' dir='ltr'>convivia,</span> <span class='ocrx_word' id='word_1_7' title='bbox 958 331 1126 369; x_wconf 67' lang='lat' dir='ltr'>ludum„</span> <span class='ocrx_word' id='word_1_8' title='bbox 1152 327 1285 380; x_wconf 88' lang='lat' dir='ltr'>(epist.</span> <span class='ocrx_word' id='word_1_9' title='bbox 1312 330 1350 380; x_wconf 84' lang='lat'>2,</span> <span class='ocrx_word' id='word_1_10' title='bbox 1376 331 1412 367; x_wconf 92' lang='lat'>2.</span> 
     </span>
     <span class='ocr_line' id='line_1_3' title="bbox 93 391 1414 447; baseline -0.005 -13"><span class='ocrx_word' id='word_1_11' title='bbox 93 398 152 434; x_wconf 89' lang='lat'>56.</span> <span class='ocrx_word' id='word_1_12' title='bbox 181 399 227 434; x_wconf 88' lang='lat' dir='ltr'>cf.</span> <span class='ocrx_word' id='word_1_13' title='bbox 255 393 364 447; x_wconf 78' lang='lat'>214.)</span> <span class='ocrx_word' id='word_1_14' title='bbox 401 397 475 433; x_wconf 84' lang='lat' dir='ltr'>sibi</span> <span class='ocrx_word' id='word_1_15' title='bbox 502 397 653 432; x_wconf 85' lang='lat' dir='ltr'>Musam</span> <span class='ocrx_word' id='word_1_16' title='bbox 688 396 840 432; x_wconf 81' lang='lat' dir='ltr'>dedisse</span> <span class='ocrx_word' id='word_1_17' title='bbox 865 393 1004 430; x_wconf 91' lang='lat' dir='ltr'>fidibus</span> <span class='ocrx_word' id='word_1_18' title='bbox 1031 392 1225 429; x_wconf 83' lang='lat' dir='ltr'>celebrare</span> <span class='ocrx_word' id='word_1_19' title='bbox 1250 391 1414 440; x_wconf 89' lang='lat' dir='ltr'>Latinis,</span> 
     </span>
     <span class='ocr_line' id='line_1_4' title="bbox 91 451 1418 510; baseline -0.004 -15"><span class='ocrx_word' id='word_1_20' title='bbox 91 459 154 495; x_wconf 86' lang='lat' dir='ltr'>vel</span> <span class='ocrx_word' id='word_1_21' title='bbox 180 460 223 494; x_wconf 89' lang='lat' dir='ltr'>ut</span> <span class='ocrx_word' id='word_1_22' title='bbox 249 459 341 495; x_wconf 90' lang='lat' dir='ltr'>alibi</span> <span class='ocrx_word' id='word_1_23' title='bbox 368 458 423 494; x_wconf 89' lang='lat' dir='ltr'>ait</span> <span class='ocrx_word' id='word_1_24' title='bbox 449 454 583 510; x_wconf 86' lang='lat' dir='ltr'>(epist.</span> <span class='ocrx_word' id='word_1_25' title='bbox 611 457 661 493; x_wconf 87' lang='lat' dir='ltr'>ad</span> <span class='ocrx_word' id='word_1_26' title='bbox 687 457 764 493; x_wconf 84' lang='lat' dir='ltr'>Pis.</span> <span class='ocrx_word' id='word_1_27' title='bbox 791 451 874 508; x_wconf 82' lang='lat'>85.)</span> <span class='ocrx_word' id='word_1_28' title='bbox 906 456 991 500; x_wconf 77' lang='lat' dir='ltr'>„Ec</span> <span class='ocrx_word' id='word_1_29' title='bbox 1005 453 1206 500; x_wconf 79' lang='lat' dir='ltr'>juvenum</span> <span class='ocrx_word' id='word_1_30' title='bbox 1231 464 1353 490; x_wconf 81' lang='lat' dir='ltr'>curas</span> <span class='ocrx_word' id='word_1_31' title='bbox 1379 457 1418 490; x_wconf 74' lang='lat' dir='ltr'>ec</span> 
     </span>
     <span class='ocr_line' id='line_1_5' title="bbox 91 513 1414 567; baseline -0.005 -11"><span class='ocrx_word' id='word_1_32' title='bbox 91 520 220 556; x_wconf 70' lang='lat' dir='ltr'>libera</span> <span class='ocrx_word' id='word_1_33' title='bbox 252 522 355 556; x_wconf 78' lang='lat' dir='ltr'>vina</span> <span class='ocrx_word' id='word_1_34' title='bbox 389 517 541 564; x_wconf 81' lang='lat' dir='ltr'>referre</span> <span class='ocrx_word' id='word_1_35' title='bbox 545 519 596 567; x_wconf 69' lang='lat'>,³2</span> <span class='ocrx_word' id='word_1_36' title='bbox 629 528 707 554; x_wconf 91' lang='lat' dir='ltr'>non</span> <span class='ocrx_word' id='word_1_37' title='bbox 742 517 860 553; x_wconf 81' lang='lat' dir='ltr'>semel</span> <span class='ocrx_word' id='word_1_38' title='bbox 893 515 1064 553; x_wconf 85' lang='lat' dir='ltr'>ostendit</span> <span class='ocrx_word' id='word_1_39' title='bbox 1091 514 1268 552; x_wconf 87' lang='lat' dir='ltr'>dilucide.</span> <span class='ocrx_word' id='word_1_40' title='bbox 1318 513 1414 551; x_wconf 89' lang='lat' dir='ltr'>Inde</span> 
     </span>
     <span class='ocr_line' id='line_1_6' title="bbox 91 578 787 628; baseline -0.003 -12"><span class='ocrx_word' id='word_1_41' title='bbox 91 581 152 616; x_wconf 85' lang='lat' dir='ltr'>est</span> <span class='ocrx_word' id='word_1_42' title='bbox 178 580 282 628; x_wconf 92' lang='lat' dir='ltr'>quod</span> <span class='ocrx_word' id='word_1_43' title='bbox 308 579 463 627; x_wconf 79' lang='lat' dir='ltr'><strong>scripsit</strong></span> <span class='ocrx_word' id='word_1_44' title='bbox 489 579 550 615; x_wconf 89' lang='lat' dir='ltr'>od.</span> <span class='ocrx_word' id='word_1_45' title='bbox 578 579 616 628; x_wconf 86' lang='lat'>2,</span> <span class='ocrx_word' id='word_1_46' title='bbox 643 579 678 615; x_wconf 85' lang='lat'>1.</span> <span class='ocrx_word' id='word_1_47' title='bbox 706 578 787 615; x_wconf 83' lang='lat'>37.:</span> 
     </span>
     <span class='ocr_line' id='line_1_7' title="bbox 291 635 1086 688; baseline -0.004 -11"><span class='ocrx_word' id='word_1_48' title='bbox 291 641 368 678; x_wconf 83' lang='lat' dir='ltr'>Sed</span> <span class='ocrx_word' id='word_1_49' title='bbox 393 652 442 676; x_wconf 87' lang='lat' dir='ltr'>ne</span> <span class='ocrx_word' id='word_1_50' title='bbox 469 642 634 688; x_wconf 61' lang='lat' dir='ltr'>relicus,</span> <span class='ocrx_word' id='word_1_51' title='bbox 662 640 776 675; x_wconf 90' lang='lat' dir='ltr'>Musa</span> <span class='ocrx_word' id='word_1_52' title='bbox 802 648 958 686; x_wconf 77' lang='lat' dir='ltr'>procaX,</span> <span class='ocrx_word' id='word_1_53' title='bbox 978 635 1086 684; x_wconf 79' lang='lat' dir='ltr'>jocis</span> 
     </span>
     <span class='ocr_line' id='line_1_8' title="bbox 291 699 1001 747; baseline -0.006 -9"><span class='ocrx_word' id='word_1_54' title='bbox 291 703 392 738; x_wconf 86' lang='lat' dir='ltr'>Ceae</span> <span class='ocrx_word' id='word_1_55' title='bbox 418 703 603 736; x_wconf 79' lang='lat' dir='ltr'>retractes</span> <span class='ocrx_word' id='word_1_56' title='bbox 630 711 789 736; x_wconf 85' lang='lat' dir='ltr'>munera</span> <span class='ocrx_word' id='word_1_57' title='bbox 814 699 1001 747; x_wconf 83' lang='lat' dir='ltr'>Naeuiae,</span> 
     </span>
     <span class='ocr_line' id='line_1_9' title="bbox 355 759 966 797; baseline -0.003 0"><span class='ocrx_word' id='word_1_58' title='bbox 355 761 510 797; x_wconf 82' lang='lat' dir='ltr'>Mecum</span> <span class='ocrx_word' id='word_1_59' title='bbox 535 762 721 797; x_wconf 71' lang='lat' dir='ltr'>Dionaeo</span> <span class='ocrx_word' id='word_1_60' title='bbox 749 759 819 795; x_wconf 93' lang='lat' dir='ltr'>sub</span> <span class='ocrx_word' id='word_1_61' title='bbox 849 764 966 796; x_wconf 76' lang='lat' dir='ltr'>antro</span> 
     </span>
     <span class='ocr_line' id='line_1_10' title="bbox 405 820 1073 867; baseline -0.003 -10"><span class='ocrx_word' id='word_1_62' title='bbox 405 822 556 864; x_wconf 86' lang='lat' dir='ltr'>Quaere</span> <span class='ocrx_word' id='word_1_63' title='bbox 582 821 716 857; x_wconf 86' lang='lat' dir='ltr'>modos</span> <span class='ocrx_word' id='word_1_64' title='bbox 743 820 887 857; x_wconf 88' lang='lat' dir='ltr'>leviore</span> <span class='ocrx_word' id='word_1_65' title='bbox 914 820 1073 867; x_wconf 87' lang='lat' dir='ltr'>plectro.</span> 
     </span>
     <span class='ocr_line' id='line_1_11' title="bbox 88 882 726 931; baseline -0.003 -11"><span class='ocrx_word' id='word_1_66' title='bbox 88 886 127 920; x_wconf 88' lang='lat' dir='ltr'>et</span> <span class='ocrx_word' id='word_1_67' title='bbox 153 883 330 920; x_wconf 88' lang='lat' dir='ltr'>similiter</span> <span class='ocrx_word' id='word_1_68' title='bbox 355 882 417 919; x_wconf 90' lang='lat' dir='ltr'>od.</span> <span class='ocrx_word' id='word_1_69' title='bbox 445 883 482 931; x_wconf 87' lang='grc'>3,</span> <span class='ocrx_word' id='word_1_70' title='bbox 510 883 544 918; x_wconf 97' lang='grc'>3.</span> <span class='ocrx_word' id='word_1_71' title='bbox 572 882 621 917; x_wconf 82' lang='grc'>69</span> <span class='ocrx_word' id='word_1_72' title='bbox 649 893 726 930; x_wconf 89' lang='lat' dir='ltr'>sq.:</span> 
     </span>
     <span class='ocr_line' id='line_1_12' title="bbox 286 941 1108 990; baseline -0.005 -9"><span class='ocrx_word' id='word_1_73' title='bbox 286 945 375 982; x_wconf 85' lang='lat' dir='ltr'>Non</span> <span class='ocrx_word' id='word_1_74' title='bbox 402 944 498 980; x_wconf 85' lang='lat' dir='ltr'>haec</span> <span class='ocrx_word' id='word_1_75' title='bbox 516 943 686 990; x_wconf 80' lang='lat' dir='ltr'>jocosae</span> <span class='ocrx_word' id='word_1_76' title='bbox 712 941 946 979; x_wconf 87' lang='lat' dir='ltr'>conveniunt</span> <span class='ocrx_word' id='word_1_77' title='bbox 972 942 1108 990; x_wconf 73' lang='lat' dir='ltr'>lyrae:</span> 
     </span>
     <span class='ocr_line' id='line_1_13' title="bbox 287 1001 1105 1050; baseline -0.006 -8"><span class='ocrx_word' id='word_1_78' title='bbox 287 1006 372 1049; x_wconf 89' lang='lat' dir='ltr'>Quo</span> <span class='ocrx_word' id='word_1_79' title='bbox 400 1006 514 1041; x_wconf 88' lang='lat' dir='ltr'>Musa</span> <span class='ocrx_word' id='word_1_80' title='bbox 540 1001 697 1041; x_wconf 71' lang='lat' dir='ltr'>tendis‘.l</span> <span class='ocrx_word' id='word_1_81' title='bbox 748 1003 893 1041; x_wconf 88' lang='lat' dir='ltr'>Desine</span> <span class='ocrx_word' id='word_1_82' title='bbox 921 1002 1105 1050; x_wconf 80' lang='lat' dir='ltr'>pervicax</span> 
     </span>
     <span class='ocr_line' id='line_1_14' title="bbox 352 1065 1002 1104; baseline -0.006 -1"><span class='ocrx_word' id='word_1_83' title='bbox 352 1067 511 1104; x_wconf 81' lang='lat' dir='ltr'>Referre</span> <span class='ocrx_word' id='word_1_84' title='bbox 540 1077 736 1102; x_wconf 84' lang='lat' dir='ltr'>sermones</span> <span class='ocrx_word' id='word_1_85' title='bbox 762 1066 935 1102; x_wconf 86' lang='lat' dir='ltr'>Deorum</span> <span class='ocrx_word' id='word_1_86' title='bbox 962 1065 1002 1099; x_wconf 91' lang='lat' dir='ltr'>et</span> 
     </span>
     <span class='ocr_line' id='line_1_15' title="bbox 401 1124 1048 1173; baseline -0.006 -9"><span class='ocrx_word' id='word_1_87' title='bbox 401 1128 544 1173; x_wconf 82' lang='lat' dir='ltr'>Magna</span> <span class='ocrx_word' id='word_1_88' title='bbox 569 1128 693 1164; x_wconf 90' lang='lat' dir='ltr'>modis</span> <span class='ocrx_word' id='word_1_89' title='bbox 719 1129 879 1163; x_wconf 86' lang='lat' dir='ltr'>tenuare</span> <span class='ocrx_word' id='word_1_90' title='bbox 905 1124 1048 1173; x_wconf 87' lang='lat' dir='ltr'>parvis.</span> 
     </span>
     <span class='ocr_line' id='line_1_16' title="bbox 84 1183 1414 1237; baseline -0.005 -11"><span class='ocrx_word' id='word_1_91' title='bbox 84 1189 178 1226; x_wconf 88' lang='lat' dir='ltr'>Inde</span> <span class='ocrx_word' id='word_1_92' title='bbox 207 1191 267 1225; x_wconf 84' lang='lat' dir='ltr'>est</span> <span class='ocrx_word' id='word_1_93' title='bbox 293 1189 397 1237; x_wconf 90' lang='lat' dir='ltr'>quod</span> <span class='ocrx_word' id='word_1_94' title='bbox 423 1191 561 1226; x_wconf 81' lang='lat' dir='ltr'>molles</span> <span class='ocrx_word' id='word_1_95' title='bbox 588 1189 757 1225; x_wconf 83' lang='lat' dir='ltr'>citharae</span> <span class='ocrx_word' id='word_1_96' title='bbox 787 1198 878 1223; x_wconf 88' lang='lat' dir='ltr'>suae</span> <span class='ocrx_word' id='word_1_97' title='bbox 906 1185 1042 1222; x_wconf 89' lang='lat' dir='ltr'>modos</span> <span class='ocrx_word' id='word_1_98' title='bbox 1068 1186 1182 1221; x_wconf 89' lang='lat' dir='ltr'>vocat</span> <span class='ocrx_word' id='word_1_99' title='bbox 1208 1183 1269 1221; x_wconf 90' lang='lat' dir='ltr'>od.</span> <span class='ocrx_word' id='word_1_100' title='bbox 1297 1183 1414 1234; x_wconf 80' lang='lat'>2,12.</span> 
     </span>
     <span class='ocr_line' id='line_1_17' title="bbox 85 1245 1416 1300; baseline -0.006 -12"><span class='ocrx_word' id='word_1_101' title='bbox 85 1252 120 1288; x_wconf 88' lang='grc'>3.</span> <span class='ocrx_word' id='word_1_102' title='bbox 150 1253 190 1288; x_wconf 90' lang='lat' dir='ltr'>et</span> <span class='ocrx_word' id='word_1_103' title='bbox 222 1253 445 1300; x_wconf 73' lang='lat' dir='ltr'>„Spiritum</span> <span class='ocrx_word' id='word_1_104' title='bbox 486 1250 627 1296; x_wconf 83' lang='lat' dir='ltr'>Grajae</span> <span class='ocrx_word' id='word_1_105' title='bbox 666 1254 826 1286; x_wconf 78' lang='lat' dir='ltr'>tenuem</span> <span class='ocrx_word' id='word_1_106' title='bbox 867 1245 1083 1285; x_wconf 50' lang='lat' dir='ltr'>Camena&amp;</span> <span class='ocrx_word' id='word_1_107' title='bbox 1123 1256 1147 1281; x_wconf 85' lang='lat' dir='ltr'>a</span> <span class='ocrx_word' id='word_1_108' title='bbox 1180 1245 1300 1282; x_wconf 89' lang='lat' dir='ltr'>Parca</span> <span class='ocrx_word' id='word_1_109' title='bbox 1337 1256 1416 1282; x_wconf 92' lang='lat' dir='ltr'>non</span> 
     </span>
     <span class='ocr_line' id='line_1_18' title="bbox 85 1306 1416 1354; baseline -0.003 -5"><span class='ocrx_word' id='word_1_110' title='bbox 85 1312 261 1349; x_wconf 83' lang='lat' dir='ltr'>mendaci</span> <span class='ocrx_word' id='word_1_111' title='bbox 303 1312 378 1349; x_wconf 87' lang='lat' dir='ltr'>sibi</span> <span class='ocrx_word' id='word_1_112' title='bbox 422 1312 553 1348; x_wconf 89' lang='lat' dir='ltr'>datum</span> <span class='ocrx_word' id='word_1_113' title='bbox 592 1310 686 1347; x_wconf 89' lang='lat' dir='ltr'>dicit</span> <span class='ocrx_word' id='word_1_114' title='bbox 724 1309 786 1346; x_wconf 91' lang='lat' dir='ltr'>od.</span> <span class='ocrx_word' id='word_1_115' title='bbox 822 1309 866 1354; x_wconf 83' lang='lat'>2,</span> <span class='ocrx_word' id='word_1_116' title='bbox 895 1308 953 1344; x_wconf 88' lang='lat'>16.</span> <span class='ocrx_word' id='word_1_117' title='bbox 990 1307 1050 1343; x_wconf 84' lang='lat'>38.</span> <span class='ocrx_word' id='word_1_118' title='bbox 1102 1306 1197 1344; x_wconf 88' lang='lat' dir='ltr'>Inde</span> <span class='ocrx_word' id='word_1_119' title='bbox 1225 1309 1286 1343; x_wconf 88' lang='lat' dir='ltr'>est</span> <span class='ocrx_word' id='word_1_120' title='bbox 1312 1306 1416 1354; x_wconf 84' lang='lat' dir='ltr'>quod</span> 
     </span>
     <span class='ocr_line' id='line_1_19' title="bbox 85 1364 1414 1425; baseline -0.005 -15"><span class='ocrx_word' id='word_1_121' title='bbox 85 1376 182 1410; x_wconf 76' lang='lat' dir='ltr'>lusit</span> <span class='ocrx_word' id='word_1_122' title='bbox 205 1373 358 1410; x_wconf 86' lang='lat' dir='ltr'>barbito</span> <span class='ocrx_word' id='word_1_123' title='bbox 387 1369 471 1425; x_wconf 89' lang='lat' dir='ltr'>(od.</span> <span class='ocrx_word' id='word_1_124' title='bbox 501 1373 536 1422; x_wconf 91' lang='lat' dir='ltr'>l,</span> <span class='ocrx_word' id='word_1_125' title='bbox 556 1372 614 1408; x_wconf 85' lang='lat'>32.</span> <span class='ocrx_word' id='word_1_126' title='bbox 634 1368 707 1423; x_wconf 84' lang='lat'>2.)‚</span> <span class='ocrx_word' id='word_1_127' title='bbox 734 1371 920 1407; x_wconf 81' lang='lat' dir='ltr'>laborum</span> <span class='ocrx_word' id='word_1_128' title='bbox 947 1370 1055 1406; x_wconf 74' lang='lat' dir='ltr'>dulci</span> <span class='ocrx_word' id='word_1_129' title='bbox 1081 1370 1271 1406; x_wconf 77' lang='lat' dir='ltr'>lenimine</span> <span class='ocrx_word' id='word_1_130' title='bbox 1297 1364 1414 1420; x_wconf 85' lang='lat' dir='ltr'>(ibid.</span> 
     </span>
     <span class='ocr_line' id='line_1_20' title="bbox 85 1430 1416 1486; baseline -0.005 -16"><span class='ocrx_word' id='word_1_131' title='bbox 85 1445 121 1469; x_wconf 84' lang='lat' dir='ltr'>v.</span> <span class='ocrx_word' id='word_1_132' title='bbox 152 1430 246 1486; x_wconf 89' lang='lat'>15.).</span> <span class='ocrx_word' id='word_1_133' title='bbox 281 1434 377 1470; x_wconf 89' lang='lat' dir='ltr'>Inde</span> <span class='ocrx_word' id='word_1_134' title='bbox 405 1436 465 1469; x_wconf 85' lang='lat' dir='ltr'>est</span> <span class='ocrx_word' id='word_1_135' title='bbox 491 1433 595 1481; x_wconf 89' lang='lat' dir='ltr'>quod</span> <span class='ocrx_word' id='word_1_136' title='bbox 621 1433 669 1469; x_wconf 91' lang='lat' dir='ltr'>ab</span> <span class='ocrx_word' id='word_1_137' title='bbox 696 1432 782 1479; x_wconf 92' lang='lat' dir='ltr'>ipso</span> <span class='ocrx_word' id='word_1_138' title='bbox 808 1431 965 1468; x_wconf 90' lang='lat' dir='ltr'>Phoebo</span> <span class='ocrx_word' id='word_1_139' title='bbox 983 1430 1163 1477; x_wconf 88' lang='lat' dir='ltr'>Apolline</span> <span class='ocrx_word' id='word_1_140' title='bbox 1190 1441 1232 1466; x_wconf 90' lang='lat' dir='ltr'>se</span> <span class='ocrx_word' id='word_1_141' title='bbox 1259 1431 1416 1465; x_wconf 87' lang='lat' dir='ltr'>tenuem</span> 
     </span>
     <span class='ocr_line' id='line_1_21' title="bbox 84 1490 1415 1541; baseline -0.003 -11"><span class='ocrx_word' id='word_1_142' title='bbox 84 1496 240 1541; x_wconf 88' lang='lat' dir='ltr'>poetam</span> <span class='ocrx_word' id='word_1_143' title='bbox 266 1496 449 1541; x_wconf 81' lang='lat' dir='ltr'>tanquam</span> <span class='ocrx_word' id='word_1_144' title='bbox 476 1506 499 1530; x_wconf 92' lang='lat' dir='ltr'>a</span> <span class='ocrx_word' id='word_1_145' title='bbox 525 1492 730 1529; x_wconf 88' lang='lat' dir='ltr'>temerario</span> <span class='ocrx_word' id='word_1_146' title='bbox 757 1503 853 1528; x_wconf 89' lang='lat' dir='ltr'>ausu</span> <span class='ocrx_word' id='word_1_147' title='bbox 881 1503 904 1528; x_wconf 89' lang='lat' dir='ltr'>a</span> <span class='ocrx_word' id='word_1_148' title='bbox 930 1490 1164 1527; x_wconf 87' lang='lat' dir='ltr'>sublimioris</span> <span class='ocrx_word' id='word_1_149' title='bbox 1199 1491 1415 1535; x_wconf 81' lang='lat' dir='ltr'>argumenti</span> 
     </span>
     <span class='ocr_line' id='line_1_22' title="bbox 84 1551 1316 1602; baseline -0.002 -11"><span class='ocrx_word' id='word_1_150' title='bbox 84 1555 317 1591; x_wconf 84' lang='lat' dir='ltr'>carminibus</span> <span class='ocrx_word' id='word_1_151' title='bbox 344 1554 560 1602; x_wconf 80' lang='lat' dir='ltr'>pangendis</span> <span class='ocrx_word' id='word_1_152' title='bbox 586 1555 808 1590; x_wconf 86' lang='lat' dir='ltr'>revocatum</span> <span class='ocrx_word' id='word_1_153' title='bbox 835 1564 922 1588; x_wconf 90' lang='lat' dir='ltr'>esse</span> <span class='ocrx_word' id='word_1_154' title='bbox 948 1551 1057 1597; x_wconf 83' lang='lat' dir='ltr'>fingit</span> <span class='ocrx_word' id='word_1_155' title='bbox 1082 1551 1143 1588; x_wconf 92' lang='lat' dir='ltr'>od.</span> <span class='ocrx_word' id='word_1_156' title='bbox 1172 1552 1210 1601; x_wconf 88' lang='lat'>4,</span> <span class='ocrx_word' id='word_1_157' title='bbox 1238 1551 1316 1590; x_wconf 86' lang='lat'>15.:</span> 
     </span>
     <span class='ocr_line' id='line_1_23' title="bbox 281 1612 1074 1661; baseline -0.005 -9"><span class='ocrx_word' id='word_1_158' title='bbox 281 1616 461 1653; x_wconf 86' lang='lat' dir='ltr'>Phoebus</span> <span class='ocrx_word' id='word_1_159' title='bbox 488 1615 681 1650; x_wconf 87' lang='lat' dir='ltr'>volentem</span> <span class='ocrx_word' id='word_1_160' title='bbox 707 1613 855 1661; x_wconf 86' lang='lat' dir='ltr'>proelia</span> <span class='ocrx_word' id='word_1_161' title='bbox 880 1624 941 1649; x_wconf 88' lang='lat' dir='ltr'>me</span> <span class='ocrx_word' id='word_1_162' title='bbox 967 1612 1074 1661; x_wconf 89' lang='lat' dir='ltr'>loqui</span> 
     </span>
     <span class='ocr_line' id='line_1_24' title="bbox 281 1673 1008 1724; baseline -0.007 -10"><span class='ocrx_word' id='word_1_163' title='bbox 281 1677 413 1715; x_wconf 82' lang='lat' dir='ltr'>victas</span> <span class='ocrx_word' id='word_1_164' title='bbox 441 1677 481 1712; x_wconf 87' lang='lat' dir='ltr'>et</span> <span class='ocrx_word' id='word_1_165' title='bbox 505 1676 643 1724; x_wconf 86' lang='lat' dir='ltr'>urbes,</span> <span class='ocrx_word' id='word_1_166' title='bbox 670 1674 884 1724; x_wconf 76' lang='lat' dir='ltr'>increpuit,</span> <span class='ocrx_word' id='word_1_167' title='bbox 910 1673 1008 1723; x_wconf 88' lang='lat' dir='ltr'>lyra,</span> 
     </span>
     <span class='ocr_line' id='line_1_25' title="bbox 348 1723 1155 1784; baseline 0 -12"><span class='ocrx_word' id='word_1_168' title='bbox 348 1739 408 1776; x_wconf 83' lang='lat' dir='ltr'>Ne</span> <span class='ocrx_word' id='word_1_169' title='bbox 436 1748 555 1784; x_wconf 84' lang='lat' dir='ltr'>parva</span> <span class='ocrx_word' id='word_1_170' title='bbox 581 1735 825 1782; x_wconf 85' lang='lat' dir='ltr'>Tyrrhenum</span> <span class='ocrx_word' id='word_1_171' title='bbox 850 1746 920 1784; x_wconf 90' lang='lat' dir='ltr'>per</span> <span class='ocrx_word' id='word_1_172' title='bbox 946 1745 1092 1784; x_wconf 89' lang='lat' dir='ltr'>aequor</span> <span class='ocrx_word' id='word_1_173' title='bbox 1151 1723 1155 1733; x_wconf 61' lang='lat'>⁸</span> 
     </span>
     <span class='ocr_line' id='line_1_26' title="bbox 399 1798 744 1835; baseline -0.012 0"><span class='ocrx_word' id='word_1_174' title='bbox 399 1798 494 1835; x_wconf 85' lang='lat' dir='ltr'>Vela</span> <span class='ocrx_word' id='word_1_175' title='bbox 522 1798 665 1833; x_wconf 84' lang='lat' dir='ltr'>darem.</span> <span class='ocrx_word' id='word_1_176' title='bbox 691 1816 744 1826; x_wconf 89' lang='lat'>--</span> 
     </span>
     <span class='ocr_line' id='line_1_27' title="bbox 84 1855 1414 1906; baseline -0.002 -10"><span class='ocrx_word' id='word_1_177' title='bbox 84 1860 187 1903; x_wconf 85' lang='lat' dir='ltr'>Quid</span> <span class='ocrx_word' id='word_1_178' title='bbox 212 1859 341 1896; x_wconf 87' lang='lat' dir='ltr'>verbis</span> <span class='ocrx_word' id='word_1_179' title='bbox 369 1870 467 1906; x_wconf 91' lang='lat' dir='ltr'>opus</span> <span class='ocrx_word' id='word_1_180' title='bbox 494 1855 580 1894; x_wconf 66' lang='lat' dir='ltr'>est‘z</span> <span class='ocrx_word' id='word_1_181' title='bbox 632 1858 874 1905; x_wconf 84' lang='lat' dir='ltr'>Quamquam</span> <span class='ocrx_word' id='word_1_182' title='bbox 899 1857 1092 1905; x_wconf 86' lang='lat' dir='ltr'>permulta</span> <span class='ocrx_word' id='word_1_183' title='bbox 1114 1857 1204 1893; x_wconf 89' lang='lat' dir='ltr'>sunt</span> <span class='ocrx_word' id='word_1_184' title='bbox 1220 1858 1414 1906; x_wconf 89' lang='lat' dir='ltr'>poemata,</span> 
     </span>
     <span class='ocr_line' id='line_1_28' title="bbox 82 1918 1415 1968; baseline -0.003 -11"><span class='ocrx_word' id='word_1_185' title='bbox 82 1921 124 1957; x_wconf 92' lang='lat' dir='ltr'>in</span> <span class='ocrx_word' id='word_1_186' title='bbox 150 1921 288 1968; x_wconf 88' lang='lat' dir='ltr'>quibus</span> <span class='ocrx_word' id='word_1_187' title='bbox 324 1920 373 1956; x_wconf 88' lang='lat' dir='ltr'>ad</span> <span class='ocrx_word' id='word_1_188' title='bbox 408 1919 584 1965; x_wconf 83' lang='lat' dir='ltr'>graviora</span> <span class='ocrx_word' id='word_1_189' title='bbox 624 1920 662 1954; x_wconf 87' lang='lat' dir='ltr'>et</span> <span class='ocrx_word' id='word_1_190' title='bbox 702 1918 898 1954; x_wconf 88' lang='lat' dir='ltr'>severiora</span> <span class='ocrx_word' id='word_1_191' title='bbox 938 1920 1163 1963; x_wconf 84' lang='lat' dir='ltr'>argumenta</span> <span class='ocrx_word' id='word_1_192' title='bbox 1202 1918 1415 1953; x_wconf 82' lang='lat' dir='ltr'>assurrexit</span> 
     </span>
     <span class='ocr_line' id='line_1_29' title="bbox 82 1977 1415 2030; baseline -0.002 -13"><span class='ocrx_word' id='word_1_193' title='bbox 82 1984 219 2030; x_wconf 88' lang='lat' dir='ltr'>poeta,</span> <span class='ocrx_word' id='word_1_194' title='bbox 260 1981 363 2017; x_wconf 89' lang='lat' dir='ltr'>haud</span> <span class='ocrx_word' id='word_1_195' title='bbox 404 1980 484 2016; x_wconf 90' lang='lat' dir='ltr'>scio</span> <span class='ocrx_word' id='word_1_196' title='bbox 523 1981 653 2016; x_wconf 87' lang='lat' dir='ltr'>tamen</span> <span class='ocrx_word' id='word_1_197' title='bbox 680 1989 731 2014; x_wconf 88' lang='lat' dir='ltr'>an</span> <span class='ocrx_word' id='word_1_198' title='bbox 755 1978 819 2015; x_wconf 89' lang='lat' dir='ltr'>vel</span> <span class='ocrx_word' id='word_1_199' title='bbox 845 1989 896 2014; x_wconf 83' lang='lat' dir='ltr'>ex</span> <span class='ocrx_word' id='word_1_200' title='bbox 922 1977 1077 2015; x_wconf 87' lang='lat' dir='ltr'>diverso</span> <span class='ocrx_word' id='word_1_201' title='bbox 1103 1978 1229 2027; x_wconf 88' lang='lat' dir='ltr'>pretio</span> <span class='ocrx_word' id='word_1_202' title='bbox 1255 1979 1415 2026; x_wconf 90' lang='lat' dir='ltr'>propria</span> 
     </span>
     <span class='ocr_line' id='line_1_30' title="bbox 81 2039 1414 2089; baseline -0.003 -10"><span class='ocrx_word' id='word_1_203' title='bbox 81 2043 316 2079; x_wconf 85' lang='lat' dir='ltr'>Horatianae</span> <span class='ocrx_word' id='word_1_204' title='bbox 344 2041 473 2089; x_wconf 83' lang='lat' dir='ltr'>poesis</span> <span class='ocrx_word' id='word_1_205' title='bbox 501 2040 650 2076; x_wconf 89' lang='lat' dir='ltr'>indoles</span> <span class='ocrx_word' id='word_1_206' title='bbox 686 2039 867 2085; x_wconf 81' lang='lat' dir='ltr'>cognosci</span> <span class='ocrx_word' id='word_1_207' title='bbox 902 2039 1178 2087; x_wconf 85' lang='lat' dir='ltr'>aestimarique</span> <span class='ocrx_word' id='word_1_208' title='bbox 1214 2041 1254 2076; x_wconf 85' lang='lat' dir='ltr'>et</span> <span class='ocrx_word' id='word_1_209' title='bbox 1288 2039 1414 2087; x_wconf 88' lang='lat' dir='ltr'>possit</span> 
     </span>
     <span class='ocr_line' id='line_1_31' title="bbox 82 2100 1413 2148; baseline -0.002 -9"><span class='ocrx_word' id='word_1_210' title='bbox 82 2106 121 2139; x_wconf 89' lang='lat' dir='ltr'>et</span> <span class='ocrx_word' id='word_1_211' title='bbox 149 2103 298 2141; x_wconf 84' lang='lat' dir='ltr'>debeat.</span> <span class='ocrx_word' id='word_1_212' title='bbox 350 2103 451 2140; x_wconf 87' lang='lat' dir='ltr'>Nam</span> <span class='ocrx_word' id='word_1_213' title='bbox 477 2104 520 2138; x_wconf 85' lang='lat' dir='ltr'>ut</span> <span class='ocrx_word' id='word_1_214' title='bbox 546 2101 685 2147; x_wconf 86' lang='lat' dir='ltr'>frigida</span> <span class='ocrx_word' id='word_1_215' title='bbox 710 2101 831 2138; x_wconf 88' lang='lat' dir='ltr'>multa</span> <span class='ocrx_word' id='word_1_216' title='bbox 866 2103 956 2137; x_wconf 90' lang='lat' dir='ltr'>sunt</span> <span class='ocrx_word' id='word_1_217' title='bbox 989 2103 1029 2137; x_wconf 87' lang='lat' dir='ltr'>et</span> <span class='ocrx_word' id='word_1_218' title='bbox 1055 2100 1261 2138; x_wconf 88' lang='lat' dir='ltr'>artificiose</span> <span class='ocrx_word' id='word_1_219' title='bbox 1295 2111 1413 2148; x_wconf 87' lang='lat' dir='ltr'>quae-</span> 
     </span>
     <span class='ocr_line' id='line_1_32' title="bbox 81 2161 1414 2212; baseline -0.002 -12"><span class='ocrx_word' id='word_1_220' title='bbox 81 2164 156 2200; x_wconf 88' lang='lat' dir='ltr'>sita</span> <span class='ocrx_word' id='word_1_221' title='bbox 189 2164 231 2200; x_wconf 91' lang='lat' dir='ltr'>in</span> <span class='ocrx_word' id='word_1_222' title='bbox 265 2164 312 2200; x_wconf 91' lang='lat' dir='ltr'>iis</span> <span class='ocrx_word' id='word_1_223' title='bbox 348 2163 603 2212; x_wconf 85' lang='lat' dir='ltr'>carminibus,</span> <span class='ocrx_word' id='word_1_224' title='bbox 646 2172 745 2209; x_wconf 91' lang='lat' dir='ltr'>quae</span> <span class='ocrx_word' id='word_1_225' title='bbox 785 2163 936 2198; x_wconf 80' lang='lat' dir='ltr'>extorta</span> <span class='ocrx_word' id='word_1_226' title='bbox 974 2162 1097 2208; x_wconf 85' lang='lat' dir='ltr'>magis</span> <span class='ocrx_word' id='word_1_227' title='bbox 1137 2172 1253 2210; x_wconf 88' lang='lat' dir='ltr'>quam</span> <span class='ocrx_word' id='word_1_228' title='bbox 1290 2161 1414 2198; x_wconf 87' lang='lat' dir='ltr'>libera</span> 
     </span>
     <span class='ocr_line' id='line_1_33' title="bbox 80 2223 1413 2273; baseline -0.002 -12"><span class='ocrx_word' id='word_1_229' title='bbox 80 2228 218 2273; x_wconf 88' lang='lat' dir='ltr'>poetae</span> <span class='ocrx_word' id='word_1_230' title='bbox 246 2225 443 2261; x_wconf 88' lang='lat' dir='ltr'>voluntate</span> <span class='ocrx_word' id='word_1_231' title='bbox 473 2226 512 2260; x_wconf 89' lang='lat' dir='ltr'>et</span> <span class='ocrx_word' id='word_1_232' title='bbox 538 2223 696 2271; x_wconf 92' lang='lat' dir='ltr'>proprio</span> <span class='ocrx_word' id='word_1_233' title='bbox 731 2223 878 2271; x_wconf 90' lang='lat' dir='ltr'>impetu</span> <span class='ocrx_word' id='word_1_234' title='bbox 913 2225 999 2260; x_wconf 88' lang='lat' dir='ltr'>orta</span> <span class='ocrx_word' id='word_1_235' title='bbox 1035 2224 1144 2260; x_wconf 88' lang='lat' dir='ltr'>sunt:</span> <span class='ocrx_word' id='word_1_236' title='bbox 1179 2223 1235 2259; x_wconf 88' lang='lat' dir='ltr'>ita</span> <span class='ocrx_word' id='word_1_237' title='bbox 1269 2233 1346 2260; x_wconf 88' lang='lat' dir='ltr'>una</span> <span class='ocrx_word' id='word_1_238' title='bbox 1373 2225 1413 2259; x_wconf 89' lang='lat' dir='ltr'>et</span> 
     </span>
     <span class='ocr_line' id='line_1_34' title="bbox 82 2283 1411 2333; baseline -0.002 -11"><span class='ocrx_word' id='word_1_239' title='bbox 82 2287 328 2323; x_wconf 87' lang='lat' dir='ltr'>consentiens</span> <span class='ocrx_word' id='word_1_240' title='bbox 356 2286 450 2322; x_wconf 86' lang='lat' dir='ltr'>artis</span> <span class='ocrx_word' id='word_1_241' title='bbox 477 2285 769 2321; x_wconf 87' lang='lat' dir='ltr'>aestimatorum</span> <span class='ocrx_word' id='word_1_242' title='bbox 794 2296 873 2321; x_wconf 81' lang='lat' dir='ltr'>vox</span> <span class='ocrx_word' id='word_1_243' title='bbox 899 2287 971 2333; x_wconf 88' lang='lat' dir='ltr'>est,</span> <span class='ocrx_word' id='word_1_244' title='bbox 999 2283 1306 2333; x_wconf 82' lang='lat' dir='ltr'>perfectissimis,</span> <span class='ocrx_word' id='word_1_245' title='bbox 1334 2284 1411 2321; x_wconf 89' lang='lat' dir='ltr'>ele·</span> 
     </span>
     <span class='ocr_line' id='line_1_35' title="bbox 82 2345 1411 2396; baseline -0.002 -14"><span class='ocrx_word' id='word_1_246' title='bbox 82 2347 339 2396; x_wconf 89' lang='lat' dir='ltr'>gantissimis,</span> <span class='ocrx_word' id='word_1_247' title='bbox 374 2345 659 2382; x_wconf 86' lang='lat' dir='ltr'>venustissimis</span> <span class='ocrx_word' id='word_1_248' title='bbox 686 2345 975 2382; x_wconf 86' lang='lat' dir='ltr'>annumeranda</span> <span class='ocrx_word' id='word_1_249' title='bbox 1002 2356 1088 2381; x_wconf 88' lang='lat' dir='ltr'>esse</span> <span class='ocrx_word' id='word_1_250' title='bbox 1114 2345 1284 2381; x_wconf 88' lang='lat' dir='ltr'>carmina</span> <span class='ocrx_word' id='word_1_251' title='bbox 1309 2346 1411 2381; x_wconf 90' lang='lat' dir='ltr'>luso-</span> 
     </span>
     <span class='ocr_line' id='line_1_36' title="bbox 81 2406 1411 2454; baseline -0.002 -12"><span class='ocrx_word' id='word_1_252' title='bbox 81 2407 139 2442; x_wconf 84' lang='lat' dir='ltr'>ria</span> <span class='ocrx_word' id='word_1_253' title='bbox 165 2410 203 2443; x_wconf 90' lang='lat' dir='ltr'>et</span> <span class='ocrx_word' id='word_1_254' title='bbox 229 2408 427 2445; x_wconf 85' lang='lat' dir='ltr'>amatoria.</span> <span class='ocrx_word' id='word_1_255' title='bbox 477 2408 561 2445; x_wconf 87' lang='lat' dir='ltr'>Nec</span> <span class='ocrx_word' id='word_1_256' title='bbox 586 2406 737 2442; x_wconf 91' lang='lat' dir='ltr'>mirum.</span> <span class='ocrx_word' id='word_1_257' title='bbox 789 2406 916 2444; x_wconf 88' lang='lat' dir='ltr'>Tanta</span> <span class='ocrx_word' id='word_1_258' title='bbox 941 2406 999 2443; x_wconf 90' lang='lat' dir='ltr'>eis</span> <span class='ocrx_word' id='word_1_259' title='bbox 1025 2406 1128 2442; x_wconf 89' lang='lat' dir='ltr'>inest</span> <span class='ocrx_word' id='word_1_260' title='bbox 1162 2408 1317 2454; x_wconf 82' lang='lat' dir='ltr'>tamque</span> <span class='ocrx_word' id='word_1_261' title='bbox 1342 2415 1411 2441; x_wconf 90' lang='lat' dir='ltr'>na-</span> 
     </span>
     <span class='ocr_line' id='line_1_37' title="bbox 83 2466 1411 2516; baseline 0 -15"><span class='ocrx_word' id='word_1_262' title='bbox 83 2466 162 2503; x_wconf 86' lang='lat' dir='ltr'>tiva</span> <span class='ocrx_word' id='word_1_263' title='bbox 195 2469 400 2505; x_wconf 85' lang='lat' dir='ltr'>verborum</span> <span class='ocrx_word' id='word_1_264' title='bbox 442 2470 482 2504; x_wconf 89' lang='lat' dir='ltr'>et</span> <span class='ocrx_word' id='word_1_265' title='bbox 523 2467 646 2505; x_wconf 89' lang='lat' dir='ltr'>omnis</span> <span class='ocrx_word' id='word_1_266' title='bbox 682 2467 971 2515; x_wconf 87' lang='lat' dir='ltr'>compositionis</span> <span class='ocrx_word' id='word_1_267' title='bbox 1015 2467 1260 2516; x_wconf 85' lang='lat' dir='ltr'>simplicitas,</span> <span class='ocrx_word' id='word_1_268' title='bbox 1302 2467 1411 2502; x_wconf 84' lang='lat' dir='ltr'>tanta</span> 
     </span>
     <span class='ocr_line' id='line_1_38' title="bbox 78 2527 1406 2579; baseline -0.001 -15"><span class='ocrx_word' id='word_1_269' title='bbox 78 2537 326 2568; x_wconf 84' lang='lat' dir='ltr'>numerorum</span> <span class='ocrx_word' id='word_1_270' title='bbox 351 2529 545 2579; x_wconf 81' lang='lat' dir='ltr'>suavitas,</span> <span class='ocrx_word' id='word_1_271' title='bbox 572 2530 727 2577; x_wconf 82' lang='lat' dir='ltr'>tamque</span> <span class='ocrx_word' id='word_1_272' title='bbox 755 2528 965 2567; x_wconf 87' lang='lat' dir='ltr'>concinnus</span> <span class='ocrx_word' id='word_1_273' title='bbox 991 2528 1088 2566; x_wconf 90' lang='lat' dir='ltr'>ordo</span> <span class='ocrx_word' id='word_1_274' title='bbox 1115 2527 1406 2577; x_wconf 80' lang='lat' dir='ltr'>sententiarum,</span> 
     </span>
    </p>
   </div>
  </div>
 </body>
</html>
