1679 2948
725 237 1046 278 „—-64—

242 345 381 381 mirum
407 344 603 392 videatur,
638 345 752 391 plane
779 345 850 381 hac
878 345 925 380 de
951 357 993 380 re
1020 345 1187 381 tacuisse
1214 343 1442 383 HoratiumCt
1495 347 1571 384 Cur

243 406 398 443 tandem
438 405 687 454 pertinaciter
725 405 938 454 obmutuit,
978 416 1063 441 cum
1103 408 1143 441 et
1187 406 1383 444 laudasset
1422 408 1570 444 sincere

242 469 408 514 Augusti
428 470 466 503 ct
486 467 746 503 Romanorum
765 466 922 502 delicias
942 468 981 502 et
996 466 1128 512 lugere
1155 469 1289 513 posset
1313 480 1403 505 vere
1420 472 1460 505 et
1486 480 1572 506 cum

243 529 412 566 omnium
430 528 568 575 plausu
586 528 781 562 mortuum
800 526 986 572 juvenem
994 524 1013 563 ¹!
1067 528 1144 564 Cur
1162 528 1365 575 splendida
1381 529 1462 565 vivi
1477 530 1571 566 ima-

243 591 331 636 gine
358 590 533 634 Augusto
562 588 687 624 denuo
715 588 852 624 vulnus
879 585 1048 625 inflixit?
1101 589 1245 631 Quidni
1280 589 1417 625 threno
1444 591 1572 638 aliquo

242 651 412 686 fomenta
437 660 553 695 aegro
580 649 822 697 imperatoris
846 650 973 686 animo
999 649 1170 698 paravit,
1199 652 1242 685 ut
1257 650 1418 696 Virgilio
1442 651 1485 687 in
1509 651 1570 688 od.

243 712 286 760 l,
314 711 374 747 24.
421 711 551 760 „Quis
577 712 814 748 desiderio.⁷’
863 711 917 747 At
943 722 992 747 116
1027 711 1189 747 verbum
1215 711 1371 759 quidem
1399 711 1447 747 de
1473 723 1573 748 mor-

242 774 309 808 tuo
335 772 518 808 Marcello
544 772 585 808 in
612 772 758 808 cunctis
794 772 984 819 poematis
1023 772 1178 821 lyricis,
1220 784 1318 820 quae
1358 775 1450 809 tunc
1489 775 1575 809 orta

243 835 333 869 sunt
356 854 408 860 —
433 833 529 870 haec
564 833 667 869 enim
694 834 775 869 sola
809 833 850 869 in
875 843 1077 869 recensum
1103 834 1264 870 veniunt,
1288 855 1339 860 —
1364 834 1572 871 invenitur.

241 895 324 932 Nee
357 894 434 930 alia
468 906 518 930 ex
551 906 687 931 caussa
721 894 763 930 id
798 894 1063 930 deducendum
1098 897 1214 944 puto,
1249 895 1325 931 nisi
1353 895 1457 942 quod
1483 896 1573 930 ante

242 959 394 1004 tempus
421 956 596 992 Marcelli
624 955 833 992 emortuale
853 955 1048 1001 divulgata
1066 959 1197 1005 erant,
1225 956 1250 992 i.
1270 967 1303 992 e.
1332 958 1421 992 ante
1449 958 1573 992 aesta-

242 1020 321 1053 tem
347 1017 438 1053 anni
464 1017 549 1053 731.

343 1078 451 1120 Quae
486 1089 548 1113 res
583 1077 632 1114 ad
666 1078 902 1125 persimilem
936 1090 996 1115 me
1033 1079 1148 1116 ducit.
1211 1079 1418 1126 Perperam
1444 1089 1468 1114 a
1492 1077 1573 1125 ple-

242 1139 373 1185 risque
416 1138 594 1174 omnibus
637 1139 848 1176 carminum
882 1140 1093 1177 editionem
1127 1140 1177 1177 ad
1211 1151 1243 1176 a.
1281 1141 1365 1176 736.
1409 1139 1575 1187 proferri

241 1199 332 1236 inde
359 1202 488 1249 patet,
516 1200 619 1247 quod
644 1211 836 1248 nusquam
869 1212 940 1237 nec
966 1202 1117 1247 Virgilii
1143 1213 1215 1237 nec
1240 1201 1383 1238 Tibulli
1411 1203 1573 1237 demor-

239 1267 403 1299 tuorum
437 1262 581 1297 mentio
615 1263 716 1298 facta
743 1264 823 1311 est,
860 1273 1022 1310 quorum
1048 1263 1111 1298 ille
1138 1274 1171 1298 a.
1201 1262 1307 1310 735„
1334 1261 1398 1297 hic
1423 1272 1458 1297 a.
1487 1261 1573 1297 736.

243 1323 347 1359 diem
373 1334 593 1370 supremum
619 1323 726 1359 obiit.
779 1323 880 1360 Nam
913 1335 983 1370 pro
1019 1323 1203 1369 singulari
1236 1334 1365 1359 amore
1393 1332 1469 1369 quo
1495 1323 1574 1358 Ho-

241 1384 363 1420 ratius
397 1386 602 1432 utrumque
638 1384 942 1432 amplectebatur
964 1381 1020 1437 1⁸)
1056 1385 1170 1431 plane
1205 1395 1293 1420 eum
1318 1382 1574 1430 improbabile

243 1447 303 1480 est
345 1456 391 1481 ea
430 1445 587 1492 quidem
627 1445 816 1493 carmina,
861 1456 959 1492 quae
995 1445 1044 1480 ad
1077 1445 1280 1490 Virgilium
1315 1446 1354 1480 et
1379 1443 1574 1480 Tibullum

240 1509 353 1544 vivos
380 1507 556 1555 scripsit,
592 1507 703 1543 brevi
737 1508 826 1553 post
860 1506 1009 1542 obitum
1036 1517 1167 1542 eorum
1195 1506 1363 1551 syllogae
1390 1516 1484 1541 suae
1508 1504 1574 1540 in-

242 1568 496 1616 terposuisse,
523 1567 690 1604 tacuisse
706 1578 798 1603 vero
815 1567 862 1603 de
872 1578 1020 1614 nupera
1039 1567 1358 1602 amicissimorum
1376 1567 1574 1602 hominum

241 1630 364 1664 morte
398 1629 495 1675 ipsa.
551 1629 653 1670 Quin
686 1628 822 1675 perfidi
856 1639 978 1675 paene
1014 1630 1054 1663 ct
1088 1627 1229 1663 cortice
1264 1627 1420 1663 levioris
1460 1627 1574 1663 amici

243 1691 361 1725 etiam
387 1700 488 1725 nunc
515 1691 729 1724 mereretur
754 1699 916 1737 nomen,
953 1688 986 1724 si
1020 1699 1155 1724 recens
1193 1688 1393 1724 defunctos
1420 1700 1470 1724 ne
1497 1699 1574 1724 una

244 1750 399 1797 quidem
426 1750 561 1786 vocula
575 1749 761 1786 moeroris
775 1750 890 1796 plena
906 1749 1144 1785 honorasset.
1198 1749 1405 1785 Laetemur
1429 1751 1572 1798 tamen,

243 1813 347 1860 quod
382 1823 428 1848 eo
463 1811 605 1847 certius
640 1811 753 1856 hujus
790 1822 878 1846 eum
904 1810 1181 1847 criminationis
1210 1810 1410 1846 absolvere
1437 1821 1574 1858 possu-

242 1885 349 1922 mus,
386 1884 461 1921 quo
497 1872 641 1916 diutius
677 1874 766 1907 ante
801 1872 975 1907 ultimam
1007 1883 1135 1907 rerum
1176 1871 1318 1907 lineam
1351 1871 1502 1917 Virgilii
1535 1873 1575 1907 et

243 1935 386 1972 Tibulli
413 1933 624 1971 carminum
648 1932 767 1969 libros
797 1933 1012 1978 divulgatos
1040 1944 1124 1968 esse
1153 1935 1314 1968 constat.

342 1996 399 2031 Ac
427 1996 473 2030 de
499 1994 652 2040 Virgilii
679 1993 835 2041 quidem
860 1996 982 2030 morte
1000 1993 1202 2029 Horatium
1228 1995 1358 2030 tacere
1385 1993 1572 2043 potuisse,

244 2056 460 2093 mIrandum
505 2057 608 2090 esset
643 2066 688 2091 co
723 2056 865 2104 magis,
910 2054 1204 2102 negandumque
1241 2065 1288 2091 eo
1324 2054 1490 2099 justiore
1525 2054 1573 2090 de

244 2129 400 2166 caussa,
429 2117 462 2153 si
489 2115 564 2151 oda
589 2115 678 2151 libri
704 2116 732 2151 Ι.
770 2116 885 2151 tertia
919 2116 1035 2162 paulo
1070 2118 1157 2151 ante
1187 2115 1282 2163 iter,
1320 2115 1422 2162 quod
1447 2115 1573 2160 Virgi-

242 2180 317 2216 lius
343 2179 384 2215 in
412 2176 614 2214 Graeciam
641 2177 811 2223 suscepit
838 2179 877 2212 et
903 2187 953 2212 cx
971 2187 1045 2224 quo
1071 2176 1195 2212 redux
1211 2175 1407 2211 Brundisii
1433 2187 1467 2211 a.
1487 2176 1571 2211 735.

245 2241 433 2287 decessit,
462 2238 607 2284 scripta
634 2240 738 2273 esset
762 2258 812 2264 —
838 2239 881 2272 ut
907 2238 1020 2282 vulgo
1048 2238 1264 2284 opinantur.
1318 2236 1413 2279 Quis
1441 2236 1574 2273 credat

244 2302 368 2350 enim,
396 2299 598 2336 Horatium
622 2299 663 2334 in
690 2299 775 2345 ipso
801 2298 889 2335 libri
917 2298 1076 2334 exordio
1110 2298 1220 2334 brevi
1251 2300 1456 2345 antequam
1483 2297 1572 2333 ede-

244 2365 304 2399 ret
342 2364 516 2408 tempore
552 2359 647 2396 illud
682 2370 836 2395 carmen
871 2359 1099 2408 collocasse,
1135 2369 1282 2408 neque,
1326 2358 1429 2406 quod
1462 2358 1573 2393 irrita

245 2435 315 2460 sua
340 2423 459 2460 verba
493 2423 531 2457 et
565 2423 655 2457 vota
689 2420 828 2468 quibus
854 2420 1056 2466 Virgilium
1089 2422 1316 2467 prosecutus
1344 2420 1448 2455 esset
1474 2418 1571 2455 ceci-

333 2563 394 2603 18)
418 2562 458 2593 cf.
482 2561 532 2592 od.
556 2561 586 2600 1,
612 2562 665 2594 33.
691 2564 723 2592 et
747 2560 838 2601 epist.
863 2560 900 2597 1,
927 2559 957 2591 4.
983 2559 1033 2590 od.
1060 2559 1089 2597 1,
1115 2560 1145 2591 3.
1171 2558 1210 2597 1,
1235 2558 1287 2591 24.
1313 2560 1381 2590 Sat.
1407 2558 1437 2598 1,
1463 2561 1493 2590 5.
1518 2557 1570 2590 40.

247 2607 278 2645 1,
302 2607 356 2639 10.
382 2608 423 2640 45
450 2609 482 2637 et
506 2604 559 2638 81.
