1643 2959
617 181 896 225 —221-

93 303 248 333 osorem
274 305 321 331 eo
348 293 565 344 adducant,
599 295 643 331 ut
675 303 864 342 nuperam
888 291 1005 330 Lollii
1038 291 1187 330 cladem
1213 293 1254 330 in
1280 293 1341 331 his
1367 306 1426 332 re-

92 357 268 405 spectam
292 357 495 405 totumque
531 366 686 393 carmen
719 357 929 404 propterea
961 354 1011 392 ab
1045 356 1207 393 Horatio
1242 356 1430 404 scriptum

90 428 180 455 esse
207 418 418 469 existimet,
446 420 489 455 ut
514 428 594 455 non
620 418 745 455 solum
771 417 1031 454 calamitatem
1057 417 1141 464 ejus
1167 417 1290 454 veluti
1323 418 1429 455 dolo-

91 479 148 516 ris
174 479 302 516 socius
327 480 498 529 lugeret,
537 479 609 516 sed
643 480 763 516 etiam
791 478 899 525 justa
931 489 1102 529 morum,
1140 479 1288 527 ingenii
1313 482 1430 528 atque

92 541 317 578 meritorum
351 541 642 590 praedieatione
678 552 767 578 eum
801 552 825 578 a
858 541 965 588 vulgi
997 541 1216 591 vituperio,
1253 541 1430 578 crimina-

92 603 280 652 tionibus,
306 603 457 639 invidia
483 605 523 640 et
549 603 640 640 odio
665 604 851 640 tueretur.
876 603 937 640 Ita
958 603 1184 649 judicarunt
1209 605 1300 651 post
1325 604 1431 640 Mas-

92 675 173 702 son.
199 665 268 702 vit.
294 665 386 702 Hor.
413 675 451 713 p.
478 665 552 701 319
579 675 634 713 sq.
662 665 878 715 Sanadon.,
905 665 1017 714 Jani,
1047 666 1194 703 Grotel'.
1220 676 1259 713 p.
1286 665 1370 703 476.
1397 676 1433 702 a.

91 726 248 776 aliique.

193 788 303 832 Quae
330 787 378 824 tle
405 787 578 824 moribus
615 789 654 824 et
688 787 844 833 ingenio
880 786 996 823 Lollii
1031 787 1239 837 scriptores
1275 788 1434 826 tradunt

90 845 210 901 (Vell.
236 849 318 886 Pat.
346 849 391 898 2,
426 849 487 885 97.
523 851 564 884 et
599 848 682 885 102.
717 848 813 884 Plin.
850 848 885 883 h.
912 859 949 883 n.
978 850 1024 897 9,
1061 850 1120 886 35.
1149 851 1239 886 Tac.
1266 852 1368 889 Ann.
1395 851 1434 900 3,

92 910 153 947 48.
182 910 228 947 cf.
254 910 413 946 Passov.
438 909 507 945 vit.
536 910 615 947 not.
642 908 728 945 263.
748 919 785 956 p.
808 905 987 961 cxlx),
1016 920 1063 945 ea
1089 910 1228 946 mirum
1247 915 1433 959 quantum

92 981 185 1008 sane
220 971 269 1008 ab
305 971 475 1017 imagine
516 981 631 1018 quam
657 970 843 1006 Horatius
878 970 1005 1017 pinxit
1033 970 1277 1020 discrepant,
1311 973 1366 1009 ita
1393 976 1436 1009 ut

90 1034 158 1070 aut
183 1032 406 1070 auctoribus
443 1033 509 1068 aut
543 1033 684 1079 poetae
722 1030 973 1067 diffidendum
1001 1031 1062 1068 sit.
1115 1033 1306 1070 Neutrum
1342 1046 1436 1071 vero

90 1105 164 1131 nec
190 1096 321 1143 potest
347 1094 431 1130 fieri
457 1104 529 1130 nec
557 1093 685 1129 debet.
728 1094 830 1130 Nam
856 1093 1032 1140 quamvis
1061 1094 1201 1139 exigua
1228 1096 1278 1131 sit
1305 1098 1436 1132 aucto-

90 1156 188 1192 ritas
216 1166 371 1205 eorum,
413 1156 478 1204 qui
513 1155 680 1191 Lollium
716 1155 937 1203 pravissimi
963 1155 1083 1192 fuisse
1118 1157 1236 1192 animi
1264 1157 1436 1208 tradunt,

92 1219 258 1266 apparet
284 1219 416 1254 tamen
451 1217 614 1254 crimina
649 1228 748 1265 quae
784 1217 824 1254 in
859 1228 947 1253 cum
977 1217 1173 1263 jaciantur
1207 1229 1285 1255 non
1320 1230 1435 1267 posse

90 1290 250 1328 prorsus
277 1270 546 1316 commenticia
574 1290 672 1316 esse.
712 1278 817 1322 Quin
843 1279 1084 1327 comparanti
1111 1279 1206 1316 mihi
1232 1280 1437 1318 Horatiani

92 1341 275 1378 carminis
301 1353 338 1377 V.
367 1341 413 1376 37
444 1351 523 1388 sq.:

292 1402 448 1440 Vindex
475 1413 614 1439 avarae
641 1403 803 1453 fraudis,
832 1406 872 1440 et
900 1404 1107 1443 abstinens

291 1466 491 1503 Ducentis
518 1467 574 1502 ad
598 1476 643 1502 se
669 1470 817 1503 cuncta
839 1468 1041 1513 pecuniae

94 1538 181 1565 cum
207 1526 345 1574 Velleji
381 1526 534 1576 verbis,
570 1527 636 1574 qui
664 1527 749 1566 libr.
777 1527 811 1564 2.
839 1539 923 1576 cap.
951 1528 1013 1565 97.
1041 1528 1208 1566 Lollium
1244 1530 1438 1568 hominem

92 1591 137 1626 ἰη
163 1590 302 1627 omnia
325 1591 528 1636 pecuniae
553 1600 681 1637 quam
705 1595 812 1627 recte
834 1588 1019 1635 faciendi
1037 1594 1287 1638 cupidiorem
1313 1596 1353 1630 et
1381 1595 1437 1630 in-

92 1653 152 1688 ter
178 1661 368 1687 summam
393 1650 577 1687 vitiorum
605 1650 953 1688 dissimulationem
983 1652 1276 1690 vitiosissimum
1293 1657 1439 1704 crepat,

96 1712 309 1749 verisimile
335 1712 378 1748 fit
406 1711 490 1758 jam
515 1712 666 1749 Horatii
696 1715 870 1761 tempore
897 1714 1106 1762 praecipue
1135 1714 1182 1752 de
1210 1715 1322 1752 Lollii
1349 1727 1440 1752 ava-

92 1773 184 1810 ritia
210 1784 332 1820 caque
354 1773 532 1819 justitiae
560 1776 599 1810 et
627 1775 889 1812 continentiae
916 1776 1072 1811 modum
1101 1776 1314 1813 excedente
1339 1778 1439 1814 invi-

95 1835 226 1872 diosos
255 1836 397 1872 Romae
432 1847 607 1872 rumores
644 1847 802 1884 sparsos
836 1837 970 1873 fuisse.
1024 1837 1202 1874 Profecto
1230 1839 1332 1875 enim
1360 1839 1438 1875 sin-

95 1896 239 1944 gularis
266 1897 384 1933 fuerit
411 1908 548 1933 caussa
574 1908 734 1934 neccsse
763 1899 844 1946 est,
886 1908 963 1946 qua
1003 1901 1216 1935 commotus
1256 1902 1373 1948 poeta
1399 1901 1439 1937 in

95 1957 349 1995 collaudando
384 1961 464 1995 tam
498 1958 620 1995 nobili
655 1959 739 1996 viro
765 1970 859 2007 prae
887 1960 1051 1996 caeteris
1078 1971 1157 1998 non
1183 1961 1327 1999 diserte
1355 1963 1438 2009 ejus

95 2020 394 2069 continentiam,
435 2020 504 2057 sed
539 2022 741 2068 pecuniae
780 2021 1066 2063 abstinentiam
1099 2023 1252 2072 pressit.
1303 2024 1439 2061 Altera

95 2093 146 2118 ex
172 2084 283 2130 parte
311 2081 405 2118 mihi
432 2082 771 2130 persuasissimum
798 2085 870 2133 est,
899 2085 981 2120 tum
1007 2085 1213 2122 Horatium
1239 2096 1318 2121 non
1336 2096 1438 2123 com-

95 2143 223 2192 posito
258 2143 366 2179 vultu
400 2144 470 2180 sed
506 2145 657 2182 sincero
691 2145 821 2182 animo
855 2145 969 2183 Lollii
1003 2146 1138 2182 laudes
1175 2147 1362 2184 cecinisse
1398 2150 1438 2184 et

95 2205 215 2243 malos
242 2204 340 2242 istos
364 2216 553 2256 rumores,
581 2206 616 2242 si
643 2207 710 2255 qui
735 2207 1044 2257 increbruerant,
1071 2219 1143 2256 pro
1168 2209 1369 2246 malevolis
1397 2212 1438 2247 et

95 2266 194 2304 fictis
221 2265 553 2304 criminationibus
581 2267 778 2319 habuisse,
806 2271 889 2306 tum
913 2269 1103 2320 Lollium,
1130 2270 1197 2319 qui
1223 2272 1332 2308 tanta
1356 2271 1436 2308 Au-

97 2327 201 2374 gusti
228 2327 353 2374 gratia
386 2329 543 2365 floreret
577 2332 616 2365 et
641 2332 700 2366 tot
725 2331 921 2379 tantisque
957 2330 1170 2368 honoribus
1206 2332 1435 2382 afficeretur,

97 2389 250 2426 Horatii
274 2388 457 2426 laudibus
483 2389 642 2435 dignum
675 2391 796 2428 fuisse
831 2394 892 2441 et,
929 2392 962 2429 si
988 2404 1179 2444 unquam,
1219 2394 1435 2442 posteriore

99 2449 253 2488 demum
277 2452 475 2500 tempore,
509 2451 681 2488 moribus
715 2452 758 2488 in
785 2453 945 2490 Oriente
979 2454 1143 2493 sortasse
1170 2455 1381 2505 corruptis,
1409 2467 1435 2493 a

99 2511 263 2560 pristina
304 2512 498 2562 probitate
542 2513 764 2552 descivisse.
815 2515 867 2552 Et
901 2525 994 2552 sane
1029 2518 1063 2555 si
1097 2519 1239 2566 testes,
1283 2516 1349 2564 qui
1384 2516 1434 2554 de

99 2573 213 2612 Lollii
238 2575 410 2613 moribus
430 2574 677 2626 judicarunt,
703 2576 989 2628 componimus,
1015 2579 1079 2616 vel
1104 2589 1175 2626 per
1201 2589 1244 2615 se
1270 2589 1431 2616 eonsen-
