1643 2959
726 231 998 272 —168—

212 339 371 377 Deliam.
423 338 662 376 Miserabiles
689 348 780 374 vero
807 338 935 383 elegos
961 337 1227 384 intelligendos
1253 350 1337 377 esse
1361 340 1450 378 libri
1466 340 1515 378 Π.

212 402 257 437 el.
285 402 321 438 3.
356 401 390 436 4.
427 402 465 435 et
498 400 532 434 6.
585 398 725 434 Merito
766 409 837 446 pro
874 397 1009 435 eadem
1043 399 1232 435 sententia
1264 401 1518 448 propugnavit

212 462 421 499 W'eielzert.
458 458 505 494 de
538 459 625 495 Var.
666 460 706 494 et
741 459 845 496 Cass.
885 470 923 506 p.
963 459 1034 495 235
1062 469 1119 506 sq.
1153 470 1225 495 nec
1254 459 1518 498 labefactatam

209 532 293 557 eam
326 522 364 555 et
389 519 628 554 immutatam
663 530 748 555 esse
785 520 986 556 confitetur
1019 531 1055 567 p.
1083 520 1167 555 375.
1203 519 1326 556 doctis
1359 522 1519 560 Dz‘ssem'

208 581 365 628 disputt.
392 579 435 615 in
459 579 517 616 ed.
545 579 629 616 Tib.
657 580 763 616 Tom.
789 580 842 629 1.‚
879 581 1082 626 Glyceram
1106 581 1355 617 Horatianam
1379 581 1520 620 Tibulli

207 640 390 678 Nemesin
428 651 512 676 esse
551 639 705 676 omnino
742 641 918 686 negantis
958 638 1025 693 (ef.
1053 652 1090 688 p.
1118 636 1244 693 XX).
1294 642 1383 679 Non
1415 645 1523 694 recte

206 702 335 737 autem
358 701 566 737 Weichert.
592 712 630 749 p.
658 701 742 737 238.
778 712 931 737 carmen
963 701 1114 738 Horatii
1143 713 1214 749 per
1246 713 1334 739 ann.
1369 703 1453 739 733.
1481 705 1521 740 et

205 762 266 798 34.
294 763 492 798 exaratum
519 773 604 798 esse
631 761 845 809 suspicatus
872 764 943 812 est,
971 763 1117 799 scilicet
1143 773 1192 799 ex
1207 763 1354 810 vulgari
1370 764 1519 800 ratione

206 823 354 858 eertum
380 833 466 858 esse
492 821 673 871 eredens,
708 821 848 858 librum
874 823 1032 859 odarum
1056 823 1085 860 Ι.
1113 824 1520 874 earminaecomplecti,

206 892 304 929 quae
343 883 446 919 intra
485 894 604 919 annos
647 882 870 919 718-736.
914 885 1125 931 composita
1164 885 1241 920 sint
1282 881 1402 937 (cf.1.
1428 885 1454 921 1.
1479 896 1517 932 p.

204 939 336 995 237.);
375 943 687 991 circumspectius
713 943 831 979 multo
860 944 981 980 Carol.
1009 946 1248 994 Pas-socius,
1283 946 1350 993 qui
1375 945 1519 982 inscius

203 1003 244 1040 in
285 1004 413 1039 fratris
455 1006 584 1050 partes
626 1003 853 1050 transierat,
895 1003 937 1038 in
981 1005 1045 1040 vit.
1078 1006 1212 1041 Horat.
1245 1008 1324 1041 not.
1360 1006 1444 1041 214.
1480 1017 1517 1053 p.

203 1063 453 1101 LXXXVIII.
484 1063 530 1099 de
558 1073 658 1099 anno
685 1062 769 1098 729.
798 1062 1001 1113 cogitavit,
1038 1060 1119 1116 (Ita
1144 1065 1261 1101 etiam
1284 1065 1520 1103 Lachman-

202 1135 283 1160 nus
307 1124 347 1158 in
374 1124 521 1171 ephem.
549 1123 649 1160 liter.
676 1123 830 1159 Halens.
859 1123 966 1160 1836.
1006 1125 1094 1161 Jun.
1120 1136 1156 1172 p.
1185 1120 1314 1178 258.)‚
1354 1137 1429 1174 quo
1457 1127 1520 1163 Ti-

202 1183 328 1220 bullus
367 1184 512 1220 laesam
536 1186 698 1221 immite‘s
736 1184 933 1233 Glycerae
970 1180 1095 1236 („der
1127 1187 1331 1224 unholden
1355 1188 1522 1224 Hulda⁵>

202 1244 315 1281 Jahn.
342 1245 384 1280 in
410 1245 501 1281 edit.
529 1245 564 1281 2.
592 1256 629 1292 p.
657 1245 766 1293 227.;
786 1242 1058 1293 „Dumium”
1082 1247 1229 1283 Weich.
1256 1247 1281 1283 l.
1309 1259 1340 1283 e.
1367 1259 1404 1295 p.
1432 1248 1518 1284 236.

201 1307 281 1341 not.
317 1302 400 1357 27.)
439 1306 551 1342 fidem
591 1305 857 1353 deploraverit.
915 1306 1004 1343 Non
1048 1308 1177 1343 tamen
1223 1307 1298 1343 sibi
1336 1308 1517 1344 constitit.

201 1365 301 1402 Nam
332 1366 373 1401 in
407 1369 534 1403 annot.
575 1367 656 1403 152.
697 1367 810 1402 odam
851 1367 952 1402 eirea
995 1378 1029 1403 a.
1057 1367 1141 1403 726.
1185 1367 1367 1414 scriptam
1409 1368 1516 1405 dixit.

201 1427 362 1463 Frustra
387 1426 428 1462 in
453 1427 569 1463 tantis
596 1427 764 1463 tenebris
790 1428 942 1474 tempus
956 1427 1176 1464 natalicium
1190 1438 1362 1475 quaeras.
1389 1428 1437 1465 A.
1455 1429 1520 1466 Ti-

201 1487 328 1523 bullus
355 1498 455 1524 anno
482 1489 566 1524 719.
594 1487 754 1524 Horatio
780 1488 949 1523 nondum
976 1488 1173 1524 familiaris
1199 1489 1318 1525 fuisse
1346 1489 1517 1539 videtur3

200 1558 289 1583 nam
316 1548 392 1584 Sat.
422 1549 465 1598 1,
502 1549 560 1585 10.
595 1559 673 1585 non
698 1548 739 1584 in
765 1559 987 1598 censorum,
1021 1550 1211 1585 fautorum
1237 1550 1519 1598 amicorumque

200 1618 360 1643 numero
390 1610 572 1645 refertur.
635 1610 847 1656 Utrumque
885 1609 1077 1645 amicitiae
1116 1609 1267 1646 vinculo
1306 1621 1393 1647 ann.
1433 1612 1517 1648 722.

201 1669 268 1703 aut
293 1668 376 1704 723.
405 1670 622 1716 copulatum
656 1680 741 1704 esse
776 1669 930 1715 conjicit
962 1670 1116 1706 Passov.
1151 1670 1191 1705 in
1216 1671 1284 1706 vit.
1310 1673 1391 1707 not.
1419 1672 1518 1721 152„

200 1728 391 1774 probabili
419 1740 509 1765 sane
536 1730 705 1778 ratione,
733 1729 766 1764 si
791 1741 923 1766 verum
951 1732 1029 1779 est,
1066 1730 1167 1778 quod
1192 1731 1394 1768 Dissenius
1421 1728 1518 1783 (vol.

200 1788 229 1824 L
258 1799 296 1835 p.
323 1785 449 1841 XVL)
479 1790 595 1839 dixit,
632 1790 823 1827 Tibullum
858 1790 1050 1838 stipendia
1076 1791 1270 1838 equestria
1295 1792 1519 1829 meriturum

202 1859 303 1884 anno
330 1849 414 1886 712.
442 1850 605 1886 Penates
631 1851 846 1899 reliquisse,
874 1854 914 1886 et
940 1862 1038 1887 anno
1066 1852 1218 1888 demum
1244 1852 1328 1888 722.
1355 1853 1517 1890 rediisse

202 1909 375 1946 Romam.
429 1911 504 1946 Sed
542 1911 703 1947 Jahnius
742 1911 783 1946 111
821 1912 945 1948 annal.
985 1912 1058 1948 voL
1086 1912 1134 1948 II.
1173 1914 1263 1949 fasc.
1291 1913 1326 1949 2.
1366 1925 1403 1962 p.
1431 1915 1517 1952 410.

201 1980 301 2005 anno
336 1970 487 2008 demum
530 1971 613 2008 727.
656 1971 857 2009 Horatium
900 1974 939 2008 et
981 1972 1173 2010 Tibullum
1214 1973 1356 2010 amicos
1397 1976 1517 2012 factos

202 2041 287 2066 esse
313 2034 456 2067 censet.

302 2152 541 2188 GARMEN
559 2156 775 2191 xxxlv.
818 2154 1217 2203 „Parcus'deorum”
1240 2154 1436 2202 probabile
1456 2158 1514 2191 est

202 2211 385 2259 scriptum
411 2225 497 2250 esse
524 2224 623 2250 anno
650 2215 729 2250 fere
756 2215 855 2264 730„
882 2227 967 2251 eum
984 2216 1209 2251 Parthorum
1229 2225 1388 2260 regnum
1403 2216 1514 2262 pulso

204 2272 384 2309 Teridate
410 2274 591 2310 rediisset
628 2285 778 2310 rursum
816 2275 865 2310 ad
903 2276 1105 2311 Phraatem
1143 2271 1211 2327 (ef.
1240 2275 1300 2311 od.
1330 2276 1363 2325 1,
1389 2276 1448 2312 26.
1477 2277 1513 2325 2,

203 2332 238 2368 2.
269 2330 359 2384 17.).
412 2334 518 2370 Hane
554 2335 655 2372 enim
689 2346 770 2372 rem
803 2335 1022 2383 respexisse
1057 2335 1211 2373 videtur
1243 2338 1358 2384 poeta
1391 2337 1431 2373 in
1456 2349 1511 2374 vs.

205 2393 249 2429 14
277 2404 353 2441 sq.:

497 2502 500 2505 Ι
725 2456 824 2493 Hinc
851 2457 1003 2504 apicem
1028 2467 1148 2504 rapax

398 2515 566 2552 Fortuna
592 2526 678 2551 eum
705 2517 866 2552 stridore
894 2519 1005 2552 acuto

465 2576 637 2625 Sustulit,
666 2576 727 2613 hic
753 2576 927 2623 posuisse
955 2577 1104 2622 gaudet.
