1679 2948
688 243 969 286 -59—

162 353 209 391 de
236 365 278 390 re
307 354 372 390 illo
401 355 587 402 temporis
625 358 749 392 tractu
784 357 908 402 lyrica
943 356 1130 392 Venusini
1168 359 1307 404 poetae
1337 357 1506 393 earmina

160 415 421 452 Romanorum
463 419 502 452 ct
545 416 670 464 ipsius
711 418 959 465 imperatoris
1004 417 1183 455 manibus
1228 417 1372 454 dudum
1416 418 1505 454 trita

158 476 279 514 fuisse
307 480 412 514 reete
441 477 536 514 mihi
558 477 735 523 jndicare
763 478 910 515 videor.

690 1012 842 1090 Cap.
885 1014 968 1072 V.

217 1138 262 1169 De
287 1142 429 1180 tempore
457 1146 517 1179 quo
542 1137 622 1168 liber
648 1138 854 1179 epistolarum
879 1138 966 1179 prior
991 1139 1129 1181 scriptu>
1155 1142 1185 1170 et
1213 1137 1318 1171 editus
1342 1137 1447 1170 fuerit.

157 1317 293 1388 Quod
319 1357 343 1382 a
369 1345 503 1391 lyricis
532 1345 767 1383 carminibus
796 1343 1012 1393 pangendis
1040 1347 1079 1381 et
1098 1342 1272 1393 quolibet
1298 1342 1382 1379 lusu
1412 1352 1501 1390 poe-

156 1407 234 1443 tico
269 1406 474 1443 Horatium
515 1407 694 1443 avocavit
718 1428 768 1435 -
795 1409 964 1444 aetatem
1000 1405 1086 1443 dico
1121 1404 1313 1443 senectuti
1347 1403 1501 1452 propio-

156 1479 239 1504 rem
266 1470 306 1504 et
326 1467 493 1513 juvenili
510 1468 648 1504 ardore
668 1467 909 1517 destitutam,
937 1470 1185 1516 mentemque
1205 1469 1245 1503 et
1263 1466 1502 1502 voluntatem

155 1529 400 1565 immutatam
426 1550 475 1557 —
500 1529 605 1565 idem
632 1529 682 1566 ad
710 1530 869 1566 tertium
895 1540 985 1566 cum
1021 1529 1140 1565 veluti
1176 1528 1337 1575 gradum
1371 1526 1500 1575 poesis

155 1589 332 1638 adduxit,
360 1589 409 1626 ad
438 1590 624 1637 epistolas
653 1591 890 1628 scribendas.
929 1592 1102 1634 Quarum
1120 1591 1389 1636 argumentum
1415 1598 1502 1625 cum

155 1651 366 1689 maximam
393 1654 545 1699 partem
572 1651 612 1687 in
638 1651 754 1688 rebus
791 1652 903 1689 seriis
939 1654 978 1688 et
1013 1651 1196 1698 gravibus
1230 1650 1401 1699 positum
1435 1648 1500 1697 sit,

155 1713 212 1750 ita
237 1713 417 1762 quidem,
446 1714 489 1749 ut
514 1713 555 1749 in
581 1713 743 1760 prologo
770 1717 874 1751 recte
902 1713 1075 1762 potuerit
1101 1715 1238 1749 auctor
1265 1711 1416 1760 dicere,
1444 1721 1501 1759 se,

157 1775 251 1824 quid
277 1785 433 1824 verum,
468 1776 618 1811 rectum
652 1777 769 1823 atque
797 1775 940 1812 decens
969 1775 1041 1823 sit,
1077 1774 1190 1811 unice
1217 1783 1426 1821 quaerere,
1461 1773 1502 1808 et

157 1848 256 1885 quae
284 1838 464 1885 prompta
491 1835 541 1872 ad
567 1847 683 1873 usum
711 1837 790 1873 sint
815 1847 1045 1885 procurare,
1074 1845 1237 1882 cumque
1265 1833 1389 1882 ipsius
1408 1842 1499 1880 poe-

157 1902 220 1935 tae
247 1898 396 1935 tristior
422 1897 587 1934 subinde
615 1901 655 1935 et
681 1898 871 1935 morosior
897 1897 1015 1934 animi
1045 1896 1198 1933 affectio
1233 1906 1283 1931 ex
1315 1894 1376 1931 his
1408 1904 1500 1942 poe-

156 1960 271 1997 matis
298 1959 411 2007 quasi
440 1961 626 2007 emergat,
655 1970 770 2007 quam
797 1970 888 2008 qua,
915 1959 1007 1995 dum
1033 1957 1172 1993 melica
1199 1955 1379 2005 scripsit,
1407 1966 1499 1992 usus

158 2022 295 2058 suerit:
323 2021 406 2058 veri
433 2019 643 2057 admodum
670 2020 796 2058 simile
822 2022 863 2057 fit
899 2031 987 2057 eum
1015 2019 1202 2056 absolutis
1230 2017 1384 2054 demum
1410 2016 1500 2063 lyri-

158 2084 215 2120 cis
241 2082 351 2120 libris
378 2082 403 2119 i.
433 2093 467 2119 e.
496 2084 586 2130 post
613 2092 756 2118 annum
783 2094 819 2119 u.
849 2095 880 2120 c.
910 2082 995 2118 730.
1032 2080 1081 2117 ad
1108 2080 1295 2128 epistolas
1330 2077 1499 2115 scriben-

158 2145 228 2181 das
255 2155 342 2180 sese
369 2144 598 2180 accinxisse.
626 2167 676 2172 —-
704 2145 754 2181 Et
781 2144 815 2181 si
841 2144 882 2180 in
910 2143 1147 2190 singularum
1181 2143 1350 2179 aetatem
1374 2139 1500 2187 inqui-

160 2206 320 2255 siveris,
359 2205 504 2242 nullam
539 2205 736 2254 iuvenies,
779 2217 877 2254 quae
913 2208 1004 2241 ante
1031 2215 1119 2240 eum
1146 2215 1180 2240 a.
1209 2205 1316 2240 certo
1356 2201 1501 2249 scripta

160 2269 222 2305 sit.
276 2269 374 2305 Nam
414 2267 519 2315 quod
558 2267 759 2305 Kirchner.
788 2269 829 2304 in
857 2269 1006 2315 quaest.
1034 2277 1071 2314 p.
1100 2266 1160 2302 34.
1190 2264 1303 2312 epist.
1334 2264 1370 2313 l,
1398 2263 1434 2299 2.
1463 2274 1496 2299 a.

162 2330 246 2366 727.
274 2331 400 2366 ortam
428 2340 515 2365 esse
542 2329 692 2379 statuit,
721 2331 851 2378 potest
877 2329 1035 2377 quidem
1062 2337 1197 2363 verum
1223 2337 1310 2362 esse
1337 2324 1407 2361 sed
1433 2335 1499 2360 nc-

162 2391 245 2440 quit
271 2391 428 2440 probari
456 2391 707 2437 argumentis.
762 2392 890 2435 Quare
931 2389 1075 2427 rectius
1115 2389 1280 2424 fortasse
1319 2385 1498 2423 duodeci-

163 2463 283 2490 mamz
315 2458 393 2503 „ut
414 2451 764 2501 p1·0fici.-s·cenlem.“
784 2452 956 2489 omnium
983 2450 1147 2499 primam
1173 2448 1332 2498 dixeris,
1360 2459 1394 2484 a.
1415 2446 1497 2482 730.

163 2513 226 2550 vel
252 2514 336 2551 731.
366 2516 576 2551 exaratam.
631 2514 707 2552 Sed
733 2515 829 2552 haec
855 2513 985 2551 omnia
1011 2522 1089 2549 non
1115 2510 1237 2557 magis
1265 2511 1371 2548 certa
1397 2508 1498 2555 sunt,

165 2585 280 2623 quam
305 2586 403 2623 quae
440 2575 486 2612 de
523 2575 679 2614 nomine
715 2579 753 2614 et
790 2575 917 2619 indole
959 2573 1209 2623 epistolarum
1249 2570 1501 2609 instituuntur

164 2636 422 2684 quaestiones.
