1643 2959
641 171 927 214 *191-

121 283 200 321 Sed
224 284 312 320 utut
337 283 412 321 hoc
438 285 519 334 est,
546 283 597 321 ob
623 282 665 321 id
689 282 840 334 ipsum,
877 281 982 331 quod
1013 282 1179 320 Romani
1212 281 1403 320 nihildum
1429 295 1453 321 a

118 345 272 382 Parthis
297 345 601 394 impetraverant
626 356 673 381 ea
697 347 840 394 aetate,
867 355 945 392 qua
971 355 1127 382 carmen
1143 343 1344 393 scriptum,
1371 344 1451 381 Ho-

118 406 261 444 ratium
286 418 365 444 non
392 406 549 456 quidem
573 406 732 443 insolita
766 406 836 443 sed
868 406 990 443 nimia
1024 409 1156 444 tamen
1190 405 1453 455 superlatione

116 478 232 505 usum
256 469 376 506 fuisse
397 468 533 516 judico
558 468 601 504 in
625 479 728 504 vers.
756 467 792 504 3.
820 469 861 504 et
886 468 944 505 4.:

314 552 366 559 —
390 550 443 558 —
466 540 653 579 praesens
681 529 793 566 divus
820 529 1028 566 habebitur

315 592 530 643 Augustus,
558 591 726 640 adjectis
750 592 962 629 Britannis

380 655 578 704 Imperio,
601 653 878 702 gravibusque
901 654 1051 690 Persis.
1064 680 1075 702 ,

115 726 191 764 quo
206 715 329 762 magis
348 717 566 763 appareret,
593 715 704 751 facile
720 714 878 762 quidem
904 714 1048 751 amissa
1072 725 1188 763 posse
1215 715 1452 766 recuperari,

114 777 298 824 quoniam
323 776 458 813 Parthi
484 776 555 812 sub
572 775 759 812 ditionem
774 776 1035 813 Romanorum
1061 777 1262 813 venissent
1282 773 1366 830 (1),
1383 788 1452 813 ne—

114 849 190 886 que
217 839 350 873 tamen
374 836 416 873 id
443 836 595 872 decere.
649 835 858 872 Praeterea
892 835 934 871 hi
959 836 1036 883 ipsi
1062 848 1198 873 versus
1225 838 1329 874 bona
1355 840 1453 874 tem-

111 899 219 947 poris
246 898 393 935 indicia
419 897 640 946 continent,
676 907 775 944 quae
804 896 838 932 si
863 899 970 933 recte
997 897 1193 945 cepissent
1218 898 1452 946 interpretes

113 960 244 996 minus
265 959 509 1006 judicassent
536 969 732 1006 perverse.
774 958 831 994 Ac
857 958 1024 1005 primum
1051 958 1210 1006 quidem
1235 970 1322 995 cum
1349 959 1454 996 dicat

111 1024 251 1071 poeta,
286 1021 508 1067 Augustum
540 1021 789 1067 praesentem
821 1019 1004 1057 habitum
1036 1022 1090 1057 iri
1123 1020 1256 1057 divum
1289 1020 1452 1067 adjectis

111 1083 311 1119 Britannis
347 1084 466 1133 caet,
505 1081 755 1118 manifestum
796 1082 857 1117 est
898 1080 940 1117 in
981 1081 1111 1118 medio
1154 1082 1451 1130 relinquendum

111 1155 223 1195 esse,
250 1146 380 1180 utrum
405 1144 614 1180 Britannos
648 1142 865 1190 Persasque
894 1141 1055 1189 jamjam
1089 1143 1270 1181 subactos
1306 1144 1450 1191 signifi-

110 1216 201 1242 care
240 1205 430 1254 voluerit,
467 1215 518 1241 an
550 1206 728 1251 Augusto
767 1203 944 1251 fortasse
984 1207 1029 1242 in
1065 1207 1157 1253 ipsa
1195 1208 1451 1253 empedicz'one

109 1270 295 1305 versanti
337 1266 592 1315 spoponderit
631 1265 898 1303 tantuimnodo
947 1265 1120 1303 divinum
1162 1267 1369 1318 honorem,
1415 1268 1449 1304 si

109 1329 206 1365 istas
233 1331 369 1375 gentes
395 1339 535 1365 revera
560 1328 829 1376 prostraverit.
881 1327 977 1364 Inde
1005 1330 1189 1378 apparet,
1219 1331 1364 1377 quanta
1389 1329 1449 1366 in·

102 1389 208 1436 juria
249 1390 486 1438 interpretes
529 1392 730 1438 postrema
772 1389 942 1426 maxime
983 1390 1105 1427 verba
1141 1392 1449 1440 „yrun-ibasque

107 1453 274 1490 Persis„
299 1452 355 1488 ita
381 1452 619 1502 presserint,
659 1453 703 1487 ut
744 1453 889 1497 negent
922 1450 999 1487 alio
1034 1462 1080 1488 ea
1118 1454 1294 1500 tempore
1329 1452 1448 1489 scribi

107 1514 305 1564 potuisse,
341 1524 458 1561 quam
492 1524 569 1561 quo
603 1513 704 1549 ultro
730 1513 904 1549 remissis
932 1513 1053 1559 signis
1088 1515 1328 1562 captivisque
1355 1514 1449 1552 Par·

107 1575 190 1611 thia
224 1575 398 1612 Romano
432 1574 596 1622 imperio
631 1574 764 1611 addita
799 1586 884 1610 esse
919 1575 1076 1612 omnino
1117 1576 1224 1613 credi
1261 1576 1445 1624 potuerit.

106 1636 260 1674 Deinde
286 1647 380 1673 vero
407 1637 467 1673 fac
493 1636 699 1673 Horatium
732 1646 812 1673 non
844 1637 1071 1683 promisisse
1106 1639 1147 1674 et
1180 1648 1360 1685 sperasse
1385 1638 1445 1674 vi-

107 1698 269 1734 ctoriam
295 1698 343 1734 de
378 1698 465 1734 istis
497 1698 722 1735 nationibus
757 1698 1055 1749 reportandam,
1092 1699 1163 1736 sed
1197 1701 1341 1735 sactum
1376 1699 1445 1735 ali-

106 1759 212 1807 quod
235 1759 469 1808 respexisse.
520 1760 580 1798 Ne
616 1760 672 1797 sic
707 1760 865 1808 quidem
899 1762 1029 1796 omnia
1062 1760 1222 1797 mirifice
1256 1762 1371 1796 aucta
1405 1762 1446 1796 et

106 1822 337 1869 amplificata
376 1833 462 1858 esse
497 1832 639 1868 negare
667 1822 827 1870 poteris.
866 1822 1089 1859 Britannos
1129 1821 1310 1867 adjectos
1350 1821 1445 1858 dicit

105 1883 292 1933 imperi03
327 1886 514 1932 tanquam
548 1895 682 1920 eorum
715 1886 822 1919 terra
855 1893 995 1928 magna
1033 1882 1286 1930 expeditione
1322 1895 1444 1931 expu-

105 1947 222 1992 gnata
247 1945 375 1982 fuerit.
428 1945 550 1994 Atqui
573 1955 789 1994 nunquam
813 1955 889 1981 nec
913 1943 1124 1992 Auyustus
1156 1956 1231 1983 nec
1263 1944 1354 1992 ejus
1379 1948 1443 1983 le-

103 2010 191 2057 yatt'
216 2010 260 2045 in
273 2008 536 2045 Britanniam
561 2009 887 2044 transmiserunt.
914 2007 1017 2044 Nam
1031 2006 1135 2054 quod
1147 2007 1225 2044 Dio
1244 2008 1350 2045 Cass.
1378 2008 1441 2057 50,

104 2070 166 2106 24.
196 2070 451 2106 Octavianum
476 2069 518 2105 in
545 2069 719 2105 oratione
755 2070 845 2105 ante
871 2078 1042 2116 pugnam
1066 2069 1266 2106 Actiacam
1293 2069 1344 2105 ad
1369 2069 1442 2105 mi-

103 2132 193 2169 lites
220 2131 354 2168 habita
378 2131 481 2167 inter
507 2131 583 2168 alia
607 2132 711 2168 facta
736 2131 904 2177 gloriosa
938 2130 1056 2167 etiam
1082 2131 1373 2179 expeditionem
1398 2130 1441 2167 in

103 2194 211 2230 illam
243 2193 411 2230 insulam
445 2194 666 2241 susceptam
698 2193 793 2229 fecit
827 2194 1210 2242 commemorantem,
1250 2192 1312 2242 id,
1353 2203 1442 2230 cum

103 2255 210 2292 nulla
234 2267 277 2292 re
304 2255 562 2304 confirmetur,
588 2255 652 2292 vel
679 2265 729 2291 ex
754 2254 941 2291 orationis
967 2256 1106 2290 ornatu
1133 2256 1172 2290 et
1197 2255 1346 2303 impetu
1372 2255 1440 2292 de-

106 2315 225 2354 ducas
250 2317 314 2354 vel
339 2316 454 2365 inde,
490 2316 594 2364 quod
628 2316 733 2353 haud
767 2316 883 2353 dubie
909 2316 1090 2364 permulti
1116 2316 1259 2353 milites
1293 2316 1439 2364 duplici

105 2378 200 2414 Julii
226 2378 404 2416 Caesaris
431 2377 672 2425 expeditioni
699 2373 799 2428 (Dio
827 2378 933 2414 Cass.
962 2378 1024 2426 39,
1052 2378 1228 2415 50-54,
1256 2378 1318 2427 40,
1348 2378 1381 2414 1.
1398 2377 1435 2414 2.

107 2438 232 2482 Strab.
265 2440 353 2477 libr.
387 2440 453 2477 IV.
490 2439 525 2476 5.
553 2450 640 2488 pag.
669 2435 778 2489 200.)
813 2439 1080 2476 interfuerant.
1135 2440 1372 2477 Octavianus
1398 2450 1434 2476 a.

106 2499 191 2536 719.
217 2500 260 2536 in
283 2502 523 2539 Britanniam
557 2502 732 2538 abiturus
759 2503 854 2538 erat.
907 2501 983 2538 Sed
1015 2501 1184 2539 motibus
1219 2502 1260 2538 in
1284 2501 1436 2538 Panno-

104 2562 172 2598 nia
205 2562 301 2599 ortis
334 2566 489 2612 captum
523 2564 726 2602 consilium
760 2562 902 2610 abjecit
936 2559 1036 2617 (Dio
1061 2564 1123 2613 49,
1150 2560 1245 2616 38.)
1296 2564 1437 2601 Denuo
