1679 2948
626 811 1123 887 masn-

259 970 330 1009 DE
369 969 699 1012 TEMPORIBUS
741 970 926 1013 QUIBUS
964 969 1225 1011 HORATICS
1265 967 1490 1007 SINGULA

570 1032 823 1070 POEMATA
862 1031 1170 1070 SCRIPSERIT.

755 1305 908 1384 Cap.
950 1307 1002 1365 Ι.

441 1435 488 1467 De
511 1439 621 1467 aetate
646 1436 835 1467 Sermonum
860 1436 913 1478 qui
941 1436 972 1467 in
997 1436 1079 1466 libro
1105 1436 1128 1467 1.
1154 1435 1315 1476 leguntur.

205 1625 362 1689 Pauca
388 1654 478 1688 sunt
504 1662 627 1699 eaque
654 1651 766 1688 valde
795 1652 964 1702 incerta,
993 1663 1092 1700 quae
1120 1650 1168 1688 de
1196 1651 1434 1698 singulorum
1461 1652 1549 1689 Ser-

207 1724 364 1751 monum
390 1713 630 1761 temporibus
657 1716 856 1761 compcrta
883 1713 1081 1750 habemus.
1124 1712 1200 1749 Sed
1227 1713 1302 1750 nisi
1329 1724 1391 1750 me
1418 1713 1549 1750 onmia

207 1776 345 1813 fallunt
374 1780 538 1823 praeter
567 1777 745 1821 primum
780 1786 919 1812 omnes
944 1778 1084 1813 eodem
1109 1776 1252 1813 ordine
1276 1777 1414 1823 scripti
1438 1780 1549 1824 sunt,

206 1849 287 1887 quo
312 1848 425 1875 nunc
450 1838 650 1885 leguntur.
703 1837 803 1873 Nam
843 1848 930 1873 cum
964 1837 1148 1873 Horatius
1185 1838 1263 1872 tam
1297 1847 1422 1884 pauca
1455 1847 1548 1884 poe-

206 1901 312 1937 mata
336 1899 405 1936 vix
431 1901 576 1935 temere
605 1900 643 1934 et
669 1897 754 1934 sino
781 1900 886 1934 certa
911 1899 1063 1934 ratione
1090 1898 1299 1944 digessisse
1326 1897 1432 1934 credi
1457 1908 1548 1946 pos-

209 1960 262 1997 sit
287 1956 356 2012 (cs.
385 1960 584 1997 Heindorf.
622 1971 659 2007 p.
687 1955 819 2011 206),
861 1959 1063 2007 probabile
1098 1960 1140 1995 fit
1174 1961 1241 1996 aut
1278 1962 1547 2006 argumentum

209 2032 300 2059 eum
326 2023 393 2057 aut
419 2021 710 2069 compositionis
747 2024 899 2069 tempus
933 2021 1168 2069 respexisse.
1221 2021 1452 2068 Argumenti
1485 2032 1547 2058 ra-

209 2082 356 2120 tionem
381 2081 554 2118 habitam
581 2094 666 2118 esse
692 2093 807 2119 ncmo
834 2082 958 2119 adhuc
987 2083 1117 2119 docuit
1142 2093 1215 2119 nec
1233 2082 1409 2129 docuerit
1433 2082 1546 2119 facile

210 2144 425 2193 quisquam.
487 2144 540 2180 At
575 2146 743 2180 aetatem
776 2144 817 2180 in
853 2143 1067 2193 secundae,
1103 2145 1263 2192 quartae
1299 2145 1339 2179 et
1373 2142 1546 2180 decimae

211 2205 370 2242 sedibus
396 2206 614 2253 respectam
641 2204 771 2255 vides,
806 2204 897 2240 inde
924 2207 968 2241 ut
994 2204 1099 2241 idcm
1125 2205 1166 2240 in
1193 2215 1262 2240 sex
1295 2203 1456 2252 reliquis
1489 2206 1545 2242 sa-

211 2267 317 2303 ctum
343 2277 428 2303 csse
455 2277 534 2303 non
559 2266 752 2303 immerito
779 2265 997 2303 concludas.
1040 2265 1162 2314 quue
1189 2265 1286 2313 ipsis
1312 2275 1438 2313 paene
1463 2266 1543 2304 VV-

211 2327 299 2366 DD.
335 2328 686 2376 computationibus
728 2328 979 2377 probaretur,
1018 2327 1095 2363 nisi
1129 2327 1305 2375 plerique
1339 2326 1545 2374 septimam

213 2389 372 2427 satiram
398 2389 568 2426 omnium
594 2389 761 2438 primum
795 2388 979 2438 scriptam
1013 2399 1099 2425 esse
1135 2388 1406 2437 opinarentur,
1435 2387 1544 2434 ,iusto

212 2449 391 2498 cupidius
425 2451 598 2488 Massoni
633 2450 878 2497 conjecturae
912 2448 1001 2502 (vit.
1037 2450 1131 2487 Hor.
1166 2461 1203 2498 p.
1233 2448 1407 2486 47—50.
1437 2452 1478 2485 et
1502 2460 1541 2498 p.

213 2507 299 2564 69.)
326 2511 565 2561 adstipulati‚
593 2521 691 2559 quae
718 2512 823 2548 nulla
848 2522 890 2548 re
918 2511 1172 2548 confirmatur.
1225 2510 1307 2548 Nec
1333 2509 1543 2559 quidquam

211 2574 368 2612 omnino
393 2573 530 2624 video,
557 2572 661 2623 quod
687 2583 795 2611 meae
823 2572 1039 2610 sententiae
1064 2571 1191 2622 possit
1223 2571 1351 2619 objici.
1407 2573 1542 2611 Caete-
