1659 2948
645 210 922 251 ...42-

123 314 266 353 librum
298 317 389 353 ante
414 326 584 365 pugnam
616 318 816 355 Actiacam
844 319 1035 365 prodiisse
1061 319 1239 357 arbitrati
1264 324 1354 358 sunt
1370 321 1445 375 ²³),

122 380 206 416 tum
230 389 319 428 eos,
354 379 421 426 qui
455 377 537 424 ejus
572 378 849 415 confectionem
883 381 922 414 et
957 379 1167 418 editionem
1192 382 1242 418 ad
1267 393 1354 420 ann.
1382 395 1446 421 us·

59 466 65 469 s
121 451 198 489 que
223 439 309 477 726.
327 439 386 492 ²⁴)
412 439 475 476 vel
500 436 660 491 727.²⁵)
686 439 940 487 protulerunt.
992 440 1142 484 Quodsi
1157 444 1329 490 pauculis
1346 456 1445 493 quae

119 513 191 551 per
214 502 356 540 librum
382 511 539 549 sparsae
566 503 656 537 sunt
681 503 897 550 temporum
913 502 1015 539 notis
1041 502 1252 553 institeris,
1277 504 1445 553 indeque

120 564 356 610 singulorum
381 563 608 599 Sermonum
632 563 780 600 natales
807 563 1067 614 quaesiveris,
1093 564 1238 601 nullam
1263 565 1319 602 ita
1344 578 1446 604 com-

116 628 294 674 paratam
324 623 539 675 intelliges,
573 626 618 661 ut
652 626 796 661 certam
829 625 945 671 figere
981 636 1099 673 queas
1126 626 1265 663 aetatis
1292 628 1444 666 seriem.

117 688 246 731 Quare
272 687 316 722 ut
342 685 487 733 aliquid
520 688 624 723 certe
651 686 882 723 extricemus
914 687 1188 737 probabiliter,
1223 688 1446 737 circumspi-

115 747 296 785 ciendum
321 747 416 797 erit,
444 747 538 796 quid
562 748 604 785 in
629 747 689 785 his
716 747 832 784 rebus
860 747 987 785 dubiis
1014 747 1174 785 dubium
1200 748 1252 785 sit
1276 750 1445 787 minime.

115 809 298 847 Omnium
330 809 449 855 igitur
482 809 739 847 certissimum
766 809 921 859 judico,
963 810 1121 847 satiram
1152 810 1217 848 VI.
1253 813 1342 859 post
1375 822 1445 859 pu-

114 881 229 919 gnam
244 870 444 908 Actiacam
471 872 511 908 et
536 871 693 919 quidem
710 870 864 908 labente
891 882 992 908 anno
1018 883 1054 908 u.
1077 883 1108 909 c.
1137 871 1223 908 723.
1253 873 1446 910 edolatam

114 944 224 984 esse3
249 932 292 970 id
318 932 423 981 quod
447 934 537 980 post
561 933 787 969 Massonum
811 932 879 968 vit.
906 932 999 969 Hor.
1027 944 1064 981 p.
1095 933 1319 971 150—154.
1348 934 1444 972 dilu-

113 994 200 1032 cide
224 994 406 1043 probavit
431 993 631 1030 Kirchner.
658 993 701 1029 in
727 995 876 1041 quaest.
904 1004 941 1041 p.
963 994 1021 1030 19.
1049 992 1086 1045 §.
1107 995 1168 1031 37.
1197 997 1237 1031 et
1254 995 1313 1032 38.
1369 997 1443 1033 Cu-

105 1056 173 1103 jus
200 1055 499 1104 computationis
526 1055 594 1103 qui
620 1055 771 1101 singula
803 1057 1030 1101 argumenta
1064 1056 1286 1093 examinare
1312 1056 1444 1093 volue-

112 1118 187 1167 rit,
213 1117 248 1154 is
276 1127 362 1153 eam
395 1127 474 1153 non
508 1116 654 1164 poterit
686 1127 766 1153 non
798 1116 1041 1153 verissimam
1074 1117 1230 1155 habere.
1290 1117 1444 1155 Deinde

112 1178 231 1216 satira
255 1178 381 1227 prima
405 1177 474 1214 vix
499 1177 669 1215 dubitari
702 1180 833 1226 potest
865 1178 959 1226 quin
993 1189 1094 1215 anno
1120 1190 1158 1215 u.
1186 1191 1217 1216 c.
1246 1179 1331 1216 724.
1351 1179 1443 1217 scri-

108 1243 178 1289 pta
212 1240 274 1277 sit.
334 1239 456 1287 Atqui
489 1239 586 1276 haec
620 1239 791 1276 omnium
825 1239 929 1275 haud
962 1239 1078 1276 dubie
1120 1241 1332 1278 novissima
1371 1243 1442 1277 est.

108 1303 212 1349 Ergo
237 1311 478 1349 consequens
505 1302 586 1351 est,
622 1302 665 1337 ut
698 1301 817 1337 totius
850 1301 942 1338 libri
975 1302 1164 1339 consentio
1191 1305 1232 1339 et
1257 1301 1377 1338 editio
1402 1301 1445 1338 in

109 1375 198 1401 ann.
225 1363 310 1400 724.
338 1362 530 1399 inciderit.
583 1363 673 1400 Non
706 1364 837 1398 autem
879 1362 927 1400 de
962 1363 1177 1410 posteriore
1211 1374 1313 1400 anno
1340 1363 1444 1409 cogi-

107 1425 183 1463 tari
208 1436 324 1473 posse
350 1423 441 1461 inde
467 1423 716 1473 intelligitur,
744 1423 848 1470 quod
872 1424 1080 1473 Horatius,
1117 1435 1350 1472 quamquam
1375 1424 1443 1460 ali-

109 1487 262 1536 quoties
296 1485 547 1522 honorificam
583 1484 788 1521 Octaviani
830 1494 1036 1532 rerumque
1071 1485 1121 1522 ab
1157 1496 1204 1522 eo
1247 1487 1443 1531 gestarum

106 1548 344 1587 mentionem
376 1546 467 1583 fecit
494 1542 598 1596 (Sat.
627 1545 672 1596 2,
710 1545 743 1582 1.
774 1545 822 1582 10
848 1555 905 1592 sq.
932 1545 992 1582 84.
1029 1545 1074 1595 5,
1109 1545 1157 1581 62
1185 1556 1241 1593 sq.
1270 1546 1307 1595 6,
1335 1547 1394 1582 53.
1407 1542 1442 1598 ),

105 1620 297 1658 nusquam
322 1610 453 1645 tamen
477 1617 550 1643 nec
575 1607 661 1643 Iani
686 1617 788 1643 anno
814 1606 899 1642 725.
927 1607 1068 1656 clausi,
1102 1617 1174 1643 nec
1210 1606 1442 1654 splendidis-

107 1671 196 1709 simi
220 1669 428 1719 triumphi,
456 1678 571 1716 quem
597 1670 743 1704 aestate
772 1667 946 1714 ejusdem
965 1668 1056 1704 anni
1083 1668 1319 1705 Octavianus
1346 1669 1440 1718 egit,

105 1744 178 1771 nec
205 1732 365 1769 aliarum
390 1741 522 1767 rerum
547 1729 747 1779 meminit,
776 1740 874 1777 quae
896 1729 1004 1775 justa
1022 1729 1280 1766 celebratione
1300 1729 1440 1776 dignae

106 1795 228 1832 erant.
281 1792 391 1830 Talia
415 1791 483 1828 vix
508 1791 750 1840 reticuisset,
779 1791 812 1827 si
839 1801 940 1828 anno
966 1802 1003 1828 u.
1033 1803 1064 1828 e.
1092 1791 1179 1828 725.
1214 1791 1276 1827 vel
1302 1793 1440 1839 postea

105 1857 287 1905 poemata
313 1853 533 1901 scripsisset
565 1854 765 1899 totumque
798 1852 940 1889 librum
967 1852 1164 1890 edidisset.
1218 1852 1295 1890 Sed
1319 1852 1440 1889 nolim

107 1918 342 1965 discernere,
368 1926 461 1952 num
488 1914 636 1961 sylloge
654 1925 756 1950 anno
783 1913 867 1950 724.
887 1926 1024 1951 revera
1044 1915 1190 1963 publici
1211 1915 1312 1961 juris
1338 1916 1441 1952 sacta

107 1979 170 2016 sit.
224 1979 338 2015 Certe
365 1978 539 2013 confecta
564 1977 658 2026 fuit,
693 1988 765 2013 nec
800 1976 867 2012 alii
891 1977 1002 2012 facile
1030 1977 1189 2014 cancelli
1214 1977 1317 2013 inter
1343 1986 1440 2024 quos

106 2039 296 2089 prodierit
322 2038 506 2075 constitui
533 2040 736 2087 poterunt,
763 2048 879 2085 quam
906 2049 1036 2086 pugna
1061 2039 1220 2076 Actiaca
1247 2040 1286 2074 et
1303 2038 1437 2074 trium-

106 2102 206 2152 phus
233 2102 381 2137 aestate
408 2100 499 2136 anni
526 2100 610 2136 725.
643 2102 762 2136 aetus.

195 2220 256 2261 23)
278 2219 382 2250 Bentl.
406 2218 497 2258 (720
511 2233 556 2239 —
573 2217 662 2258 22.).
686 2217 854 2254 Wieland„
877 2215 1044 2248 Heindorf.
1068 2219 1101 2248 et
1116 2216 1296 2257 nuperrime
1310 2216 1435 2258 Zumpt.

106 2266 140 2297 in
162 2264 268 2296 annal.
301 2264 372 2294 crit.
404 2263 510 2294 Berol.
535 2272 608 2294 ann.
632 2263 731 2295 1833.
755 2272 786 2303 p.
812 2263 888 2294 660.

195 2320 257 2362 24)
280 2320 416 2350 Passov.
439 2320 497 2350 vit.
521 2322 588 2350 not.
612 2318 699 2356 146..
723 2317 890 2349 Kirchner.
914 2320 1039 2358 quaest.
1064 2327 1094 2358 p.
1120 2316 1171 2349 19.

195 2377 256 2418 25)
278 2375 402 2407 Weich.
426 2386 456 2416 p.
480 2375 534 2405 lat.
559 2375 617 2406 rel.
641 2385 672 2415 p.
698 2375 772 2406 298.
797 2377 862 2405 not.
887 2374 941 2405 22.
966 2373 1006 2404 de
1029 2373 1105 2404 Var.
1131 2376 1163 2405 et
1186 2374 1277 2405 Cass.
1301 2385 1332 2415 p.
1346 2375 1433 2407 238..

108 2419 489 2508 ghevssliussinszzbfd'
513 2420 604 2451 Jahn.
627 2419 734 2451 Klotz.
759 2419 864 2450 annal.
888 2418 986 2452 1836.
1011 2419 1073 2450 vol.
1097 2417 1151 2451 16.
1176 2419 1255 2451 fasc.
1273 2418 1302 2451 1.
1327 2429 1356 2460 p.
1381 2419 1433 2452 48.
