1643 2959
688 204 965 247 —205—

159 316 282 353 renda
308 318 369 353 est
395 316 444 353 ad
471 328 504 353 a.
534 318 643 366 734„
671 328 757 354 cum
783 316 964 354 Tiberius
999 316 1040 351 in
1066 314 1250 351 Armenia
1275 320 1495 355 versaretur

159 375 236 430 (cf.
265 378 378 427 epist.
408 378 442 414 3.
472 380 511 414 et
538 379 708 415 Masson.
735 390 774 426 p.
803 374 930 430 297.)
983 376 1207 424 Eodemque
1243 387 1344 413 anno
1370 381 1495 416 ortam
1526 390 1533 398 “
1558 403 1564 412 ,

158 450 246 476 esse
303 439 503 487 probabile
552 442 612 476 est
651 442 860 488 epistolam
905 439 975 477 IX.
1022 440 1268 487 „Septimius
1313 440 1496 490 Claudi&

158 511 390 549 quamquam
424 501 594 538 Masson.
630 501 699 538 vit.
735 512 773 550 p.
814 500 900 537 258.
938 502 977 537 et
1011 500 1168 537 Kirchn.
1204 499 1319 547 hujus
1353 512 1496 540 annum

157 562 327 599 natalem
353 562 499 599 habent
525 563 610 600 732.

256 685 549 723 ΕΡῙΒΤΟῙιΑ
586 687 695 725 ΧΠ.
752 688 1007 738 „Fructibus
1052 686 1287 736 Ayrippae²>
1332 688 1498 737 optimas

157 747 342 797 temporis
368 750 480 785 notas
508 749 626 785 habet
651 750 693 785 in
719 750 847 786 exitu:

362 810 566 847 Cantaber
591 810 816 858 Aqrippae,
849 811 996 847 Claudi
1019 812 1165 849 virtute
1189 812 1365 848 Neronis

355 870 575 908 Armenius
602 873 743 907 cecidit
745 882 763 917 ;
780 870 858 916 jus
881 873 1177 920 imperiumque
1204 873 1405 910 Phraates

363 933 553 970 Caesaris
580 934 736 978 accepit
756 932 927 980 genibus
951 934 1103 981 minor,

155 996 198 1030 ut
225 993 396 1030 dubitari
422 996 592 1041 nequeat
621 993 714 1040 quin
741 995 948 1029 auctumno
975 1004 1009 1029 a.
1028 993 1113 1029 734.
1134 994 1278 1042 scripta
1306 996 1367 1032 sit.
1415 996 1498 1034 Hoc

156 1056 261 1093 enim
290 1055 475 1093 Cantabri
511 1055 558 1091 ab
585 1055 762 1102 Agrippa
787 1054 902 1102 plane
928 1054 1079 1091 subacti
1106 1058 1195 1092 sunt
1221 1052 1318 1108 (Dio
1336 1057 1397 1107 54,
1425 1055 1498 1109 5.).

154 1118 206 1154 Et
241 1128 329 1154 cum
363 1116 574 1153 Armeniae
608 1126 771 1162 regnum
809 1127 881 1164 per
914 1116 1113 1153 Tiberium
1146 1117 1333 1154 Artaxiae
1368 1119 1498 1157 adem-

155 1181 264 1226 ptum
299 1181 340 1214 et
373 1178 533 1224 Tigrani
570 1178 756 1215 traditum
791 1180 917 1227 esset,
952 1178 1086 1214 Parthi
1123 1180 1254 1214 autcm
1288 1181 1498 1228 appropin—

154 1241 298 1288 quante
333 1240 511 1285 Augusto
538 1239 780 1276 remisissent
808 1240 918 1285 signa
953 1239 1156 1276 militaria:
1195 1240 1332 1276 harum
1370 1253 1499 1279 rerum

154 1313 226 1350 pro
254 1311 360 1337 more
388 1304 593 1348 poetarum
626 1301 682 1338 ita
717 1301 893 1338 meminit
918 1300 1124 1350 Horatius,
1162 1301 1272 1348 quasi
1298 1302 1431 1339 Parthi
1458 1307 1498 1340 et

154 1363 332 1400 Armenii
376 1362 513 1399 domiti
556 1365 596 1399 et
649 1362 799 1399 subacti
842 1364 986 1399 essent.
1053 1363 1213 1400 Praeter
1254 1363 1414 1412 interpr.
1451 1366 1498 1402 cf.

155 1425 327 1461 Masson.
355 1423 424 1460 vit..
454 1436 491 1472 p.
520 1424 605 1461 298.
635 1427 676 1461 et
701 1424 858 1461 Kirchn.
889 1426 1037 1472 quaest.
1065 1435 1103 1473 p.
1133 1424 1193 1460 31.
1223 1422 1259 1475 ξ.
1288 1425 1348 1461 58.
1368 1437 1406 1473 p.
1435 1426 1498 1463 34.

155 1484 191 1536 §.
221 1486 282 1522 62.
318 1507 369 1515 —·
427 1486 577 1523 VVeich.
616 1485 664 1522 de
699 1487 788 1522 Var.
825 1489 864 1522 et
900 1487 1006 1523 Cass.
1034 1497 1070 1534 p.
1103 1486 1186 1522 136.
1216 1488 1256 1522 et
1283 1487 1429 1525 Grotef.
1458 1500 1496 1537 p.

155 1548 240 1584 474.
269 1548 305 1584 b.
335 1547 539 1595 epistolam
566 1547 616 1584 ad
643 1559 676 1584 a.
706 1548 790 1584 735.
818 1549 1002 1585 referunt.

256 1669 600 1707 EPIS'I'OLAM
627 1670 759 1707 xxn.
805 1671 894 1721 „Ut
914 1669 1262 1720 proficiscentem»
1290 1676 1407 1721 poeta
1434 1678 1501 1713 aut

156 1735 322 1770 exeunte
358 1744 391 1768 a.
429 1732 514 1768 730.
551 1734 618 1768 aut
654 1734 832 1781 sequenti
868 1733 1024 1781 scripsit
1060 1733 1101 1769 in
1135 1733 1249 1782 villa,
1301 1746 1387 1771 cum
1422 1737 1497 1773 tria

156 1794 371 1831 carminum
405 1793 601 1830 volumina
634 1795 812 1841 Augusto
846 1795 1035 1830 missurus
1070 1796 1164 1830 erat.
1227 1795 1376 1832 Fictam
1411 1808 1497 1835 eam

156 1867 264 1904 esse,
300 1865 426 1903 neque
463 1856 578 1892 Vinio
613 1856 679 1891 isti
713 1856 869 1892 Asellae
923 1855 991 1891 sed
1033 1855 1109 1902 ipsi
1154 1856 1284 1903 potius
1319 1858 1498 1905 Augusto

155 1916 366 1967 redditam,
395 1916 735 1964 persuasissimum
760 1917 857 1952 mihi
885 1918 956 1952 est.
985 1912 1164 1968 (Kirchn.
1195 1921 1343 1965 quaest.
1369 1931 1407 1967 p.
1435 1921 1495 1957 37.

156 1976 193 2028 ξ.
230 1978 290 2015 65.
319 1989 362 2014 a.
399 1975 516 2030 736.)
579 1979 687 2022 Quae
725 1978 899 2025 sequitur
934 1979 973 2013 et
1007 1978 1094 2025 ipsa
1131 1979 1229 2016 ficta.
1290 1980 1497 2030 Nunquam

157 2040 261 2076 enim
287 2039 492 2076 Horatium
527 2039 576 2076 ad
610 2039 781 2076 villicum
816 2039 1145 2076 elaboratissimas
1173 2041 1243 2077 has
1269 2041 1403 2079 literas
1432 2043 1497 2080 de-

156 2100 261 2138 disse
288 2100 455 2138 credam.

258 2223 555 2260 EfflS’l’OLA
580 2224 683 2260 XV.
736 2224 879 2274 „Quae
903 2224 956 2262 sic
987 2225 1140 2263 Ιιίιηηέ)
1172 2237 1252 2262 11011
1286 2227 1397 2264 facile
1431 2239 1502 2276 po-

156 2287 235 2321 test
262 2287 352 2321 ante
381 2296 415 2321 a.
444 2285 529 2321 731.
559 2287 718 2322 exarata
747 2296 855 2335 esse,
892 2296 978 2322 cum
1013 2287 1086 2323 hoc
1122 2287 1276 2324 demum
1300 2288 1494 2325 Antonius

157 2347 294 2398 Musa,
322 2346 432 2393 cujus
458 2358 495 2383 v.
524 2347 558 2384 3.
586 2347 733 2383 mentio
759 2347 822 2395 fit,
856 2346 1024 2393 Augusti
1058 2348 1257 2386 curatione
1292 2350 1496 2386 celebrita-

157 2408 239 2444 tem
271 2410 409 2445 nactus
445 2408 507 2444 sit.
570 2408 646 2444 Sed
680 2409 722 2444 in
756 2408 906 2443 incerto
940 2411 1021 2458 est,
1057 2412 1187 2447 utrum
1221 2411 1385 2458 epistola
1420 2410 1494 2446 hoc

159 2467 250 2515 ipso*
272 2480 378 2507 anno
407 2469 620 2518 composita
647 2469 719 2518 sit,
746 2471 790 2505 ut
816 2470 904 2516 post
930 2469 1102 2508 Masson.
1136 2472 1204 2509 vit.
1233 2483 1270 2520 p.
1298 2471 1383 2507 229.
1411 2472 1492 2519 ple-

159 2528 270 2576 rique
299 2532 540 2580 statuerunt,
569 2542 618 2568 an
645 2530 862 2579 posteriore
889 2532 1075 2580 tempore.
