1659 2948
725 228 996 269 ..28-

207 335 457 374 aversabatur
475 334 542 388 4),
571 337 653 371 111111
677 335 768 372 inde
795 336 976 385 efficitur,
1003 335 1107 382 quod
1131 346 1208 373 non
1235 337 1356 374 solum
1377 337 1519 375 familia

203 395 310 433 ribus
338 392 581 448 Octaviani⁵)
616 397 817 444 aliquoties
851 396 972 432 illusit
1006 395 1074 431 sed
1106 396 1233 443 ipsum
1259 398 1395 449 etiam,
1431 399 1521 435 dum

202 457 321 494 vitam
358 459 590 506 impudicam
622 457 759 493 acerbe
792 456 1036 506 perstringit,
1071 458 1171 493 tecte
1198 455 1405 510 carpsit⁶),
1439 462 1521 496 tum

202 518 306 564 quod
339 520 468 555 statim
501 518 542 554 in
573 518 698 553 fronte
726 517 885 553 secundi
909 518 1113 554 voluminis
1140 515 1239 570 (Sat.
1267 518 1304 568 2,
1333 518 1366 554 1.
1395 520 1453 556 10.
1481 523 1520 556 et

200 578 260 615 84.
289 579 325 628 2,
353 580 387 615 5.
415 576 522 631 62),
549 577 651 626 quod
675 588 754 614 non
778 578 833 614 ita
857 579 976 615 multo
1010 581 1099 627 post
1131 588 1298 627 pugnam
1322 579 1519 617 Actiacam

197 639 341 686 publici
368 639 468 684 J‘uris
502 640 644 675 factum
675 638 911 689 videbimus,
946 642 1026 677 tam
1060 640 1234 677 dextram
1271 642 1520 691 ornatamque

199 699 403 736 Octaviani
426 699 582 737 laudem
606 700 773 736 intexuit
791 701 980 751 sermoni,
1007 703 1050 737 ut
1077 701 1246 738 dubitari
1278 711 1358 737 non
1393 702 1518 749 possit

196 760 310 810 quin,
337 771 452 808 quam
478 763 593 798 antea
619 761 656 798 ei
681 761 850 799 nondum
884 762 1072 799 tribuerat
1105 762 1362 799 reverentiam
1388 763 1428 798 et
1451 772 1517 798 ve-

194 820 437 872 recundiam,
478 834 563 859 eam
599 824 682 859 tum
726 824 854 871 palam
898 824 1063 860 voluerit
1109 822 1295 860 attestari.
1369 822 1517 866 Quodsi

194 881 312 928 igitur
338 886 486 921 certum
511 886 571 921 est
595 884 797 921 Horatium
824 895 869 921 eo
894 886 1087 934 tempore,
1116 895 1191 932 quo
1216 884 1354 920 librum
1374 883 1407 920 1.
1431 884 1516 920 Ser-

192 953 348 980 monum
387 945 620 995 composuit,
662 945 833 982 nondum
872 946 1083 982 Octaviano
1121 945 1284 994 favisse,
1326 955 1398 982 nec
1439 943 1516 992 ipsi

192 1003 406 1042 innotuisse
420 1003 480 1058 ⁷),
521 1006 781 1055 quaerendum
819 1006 917 1056 erit,
966 1005 1117 1054 quando
1161 1006 1199 1042 ei
1235 1005 1335 1042 bene
1375 1016 1515 1053 cupere

191 1066 373 1112 coeperit.
432 1067 478 1102 Id
512 1070 640 1103 autem
673 1068 819 1116 aliquot
851 1067 962 1104 annis
995 1069 1083 1104 ante
1117 1076 1285 1115 pugnam
1317 1066 1516 1103 Actiacam

189 1126 332 1163 factum
359 1138 444 1164 esse
470 1128 582 1164 valde
607 1128 807 1177 probabile
834 1130 903 1165 est.
956 1129 1112 1166 Etenim
1143 1138 1221 1164 non
1255 1128 1378 1164 solum
1405 1126 1516 1165 brevi

189 1189 279 1234 post
304 1188 403 1225 hanc
429 1191 608 1239 „victore
641 1191 772 1228 laetus
802 1190 1001 1228 caesai-ev
1035 1189 1202 1226 exsultat
1235 1199 1353 1237 seque
1379 1189 1513 1236 aperte

189 1247 271 1294 ejus
296 1251 429 1297 partes
456 1252 680 1298 sequentem
705 1251 836 1300 prodit
862 1251 972 1300 epod.
999 1251 1035 1287 9.
1064 1246 1129 1303 (v.
1155 1250 1191 1286 2.
1218 1249 1393 1286 21-24.
1420 1244 1513 1301 37.)

187 1309 265 1346 Sat.
294 1310 330 1360 2,
358 1311 393 1347 6.
421 1311 467 1347 51
498 1322 553 1359 sq.
582 1311 642 1348 od.
673 1312 716 1362 1,
743 1313 802 1348 37.
833 1313 879 1350 16
907 1323 962 1360 sq.
991 1314 1030 1348 et
1064 1313 1152 1348 ante
1186 1322 1271 1348 eam
1295 1308 1512 1347 Maecenati

184 1369 227 1405 in
251 1370 395 1407 bellum
420 1374 638 1420 profecturo
665 1384 706 1409 se
733 1373 911 1410 comitem
930 1385 1016 1409 esse
1033 1373 1131 1409 velle
1146 1374 1399 1420 paratumque
1425 1380 1512 1406 esse

183 1441 297 1468 omne
332 1434 508 1470 Caesaris
542 1434 754 1482 periculum
786 1446 863 1471 una
897 1435 1025 1471 subire
1052 1433 1186 1469 scribit
1211 1431 1323 1480 epod.
1351 1431 1408 1480 1.,
1443 1430 1512 1467 sed

183 1492 291 1539 prius
327 1494 443 1530 etiam
477 1506 564 1530 cum
597 1496 821 1531 Maecenate
857 1495 979 1544 diem,
1015 1504 1090 1541 quo
1125 1494 1211 1530 Sex.
1238 1491 1462 1539 Pompejum
1487 1501 1510 1527 a

185 1554 350 1590 Caesare
383 1555 528 1591 victum
562 1567 647 1591 esse
681 1556 838 1591 nuntius
881 1556 1017 1591 allatus
1056 1555 1138 1590 erat
1175 1554 1356 1602 Romam,
1398 1551 1508 1588 festis

183 1614 347 1662 dapibus
374 1615 582 1652 celebravit
608 1611 742 1666 (epod.
771 1617 815 1665 9,
844 1611 902 1667 7.)
927 1616 954 1652 i.
982 1627 1015 1651 e.
1044 1625 1145 1652 anno
1170 1625 1207 1650 u.
1236 1625 1267 1651 c.
1295 1613 1402 1663 718.‚
1430 1623 1506 1661 quo

183 1675 271 1711 Sex.
307 1676 438 1723 Pomp.
474 1676 608 1713 Asiam
641 1677 759 1726 fugit,
794 1678 860 1712 aut
893 1687 926 1712 a.
962 1676 1070 1725 719.,
1105 1686 1181 1723 quo
1209 1674 1406 1721 jugulatus
1433 1676 1502 1710 est.

183 1736 287 1778 Quid
311 1734 477 1773 mirum'ss
527 1738 589 1774 Ex
614 1748 689 1785 quo
716 1739 888 1785 tempore
906 1738 1089 1774 Horatius
1115 1736 1327 1773 fautoribus
1355 1737 1394 1772 et
1411 1735 1504 1771 ami-

181 1797 235 1833 cis
271 1797 468 1847 utebatur,
503 1798 570 1845 qui
605 1799 807 1835 Octaviani
839 1801 968 1846 partes
1001 1799 1229 1846 probarent,
1264 1797 1503 1845 Maecenate,

181 1857 362 1909 Virgilio,
396 1860 512 1897 Vario
539 1856 708 1910 (Weich.
737 1859 784 1896 de
810 1861 898 1897 Var.
927 1861 967 1896 et
994 1861 1098 1897 Cass.
1126 1870 1164 1908 p.
1192 1858 1240 1895 33
1267 1868 1323 1906 sq.
1352 1860 1393 1895 et
1417 1853 1501 1909 72.)

270 2032 309 2074 4)
332 2033 428 2064 Nude
457 2036 623 2075 nitrumque
654 2039 875 2068 commemorat
905 2037 974 2066 Sat.
1003 2035 1042 2073 1,
1073 2037 1104 2067 3.
1136 2034 1167 2067 4.
1199 2033 1344 2074 (Caes.)
1373 2035 1406 2064 et
1428 2033 1498 2064 Sat.

181 2078 213 2116 1,
237 2080 267 2109 5.
291 2079 344 2109 33.
367 2078 579 2120 (Antonium).
611 2079 681 2110 Nec
703 2081 866 2120 probabile
889 2083 956 2118 est,
987 2079 1070 2120 quod
1093 2078 1212 2109 Weich.
1236 2089 1266 2118 p.
1290 2087 1314 2108 r.
1338 2086 1410 2118 pag.
1433 2077 1498 2108 445

180 2132 227 2162 sq.
251 2122 291 2153 de
312 2122 389 2154 Var.
413 2125 445 2153 et
476 2123 566 2154 Cass.
589 2134 620 2163 p.
650 2125 725 2156 267.
757 2127 822 2156 not.
854 2125 906 2157 48.
940 2127 971 2155 et
996 2131 1032 2164 'p-
1063 2124 1137 2155 370.
1169 2123 1299 2160 statuit,
1330 2121 1497 2152 Horatium

180 2167 226 2198 M.
248 2166 384 2198 Antonio
407 2167 572 2198 triumviro
595 2168 733 2206 favisse,
765 2169 840 2209 quia
867 2169 929 2210 ipsi
958 2178 1029 2199 cum
1057 2168 1126 2198 Julo
1157 2166 1311 2204 Antonio,
1340 2166 1497 2197 triumviri

180 2210 261 2250 filio,
300 2212 401 2242 artior
429 2212 628 2243 familiaritas
665 2214 886 2244 intercesserit
923 2212 1067 2253 (Weich.
1099 2211 1140 2242 de
1169 2211 1246 2243 Var.
1277 2213 1310 2241 et
1341 2211 1431 2241 Cass.
1463 2220 1495 2252 p.

177 2254 242 2288 344
264 2257 340 2297 sq.).

267 2312 304 2352 5)
326 2312 359 2342 in
383 2312 452 2343 Sat.
476 2313 508 2344 2.
532 2313 708 2353 Tigellium,
732 2314 770 2344 C.
794 2314 1002 2355 Cupiennium
1017 2313 1172 2344 Libonem
1194 2313 1227 2342 et
1248 2320 1279 2342 v.
1302 2311 1355 2342 26.
1377 2309 1494 2350 Agrip-

179 2365 251 2395 pam
280 2356 454 2395 (immerito
483 2358 648 2389 dubitante
678 2358 798 2389 Weich.
828 2369 859 2398 p.
892 2359 947 2389 rel.
971 2368 1002 2399 p.
1025 2358 1136 2397 456.)‚
1168 2357 1200 2387 in
1223 2356 1292 2386 Sat.
1322 2355 1353 2386 4.
1385 2357 1418 2385 et
1439 2354 1493 2386 10.

180 2400 349 2439 Petillium,
372 2402 447 2432 alibi
479 2403 558 2433 alios
589 2403 728 2442 sugillat.
760 2413 791 2434 v.
822 2403 894 2434 infr.
926 2402 967 2433 ad
998 2403 1066 2433 Sat.
1097 2401 1135 2440 1,
1159 2402 1189 2433 2.
1213 2403 1245 2432 et
1268 2399 1386 2430 Weich.
1411 2409 1442 2440 p.
1466 2408 1491 2429 r.

179 2454 210 2484 p.
232 2445 308 2477 298.
330 2446 407 2478 423.
430 2445 505 2479 429.
528 2447 662 2479 Passov.
686 2448 742 2479 vit.
766 2450 831 2479 not.
853 2448 929 2480 166.
954 2450 987 2478 et
1009 2446 1084 2479 254.

268 2501 306 2542 6)
328 2501 449 2532 Weich.
473 2501 514 2532 de
536 2502 611 2533 Var.
635 2505 668 2534 et
691 2502 782 2534 Cass.
805 2514 836 2545 p.
860 2503 913 2536 34.

266 2555 304 2596 7)
325 2556 372 2587 De
403 2557 555 2596 Octavio,
586 2558 638 2599 qui
668 2559 736 2590 Sat.
768 2557 798 2596 1,
830 2558 884 2591 10.
916 2559 968 2591 82.
1000 2559 1205 2595 memoratur,
1237 2557 1344 2597 ignoto
1366 2555 1492 2587 Horatii

179 2598 280 2631 amico
303 2610 333 2631 v.
358 2601 477 2634 Weich.
501 2605 584 2645 poet.
608 2603 695 2645 reliq.
719 2613 749 2645 p.
774 2603 848 2635 219.
