<?xml version="1.0" encoding="UTF-8"?>
<!DOCTYPE html PUBLIC "-//W3C//DTD XHTML 1.0 Transitional//EN"
    "http://www.w3.org/TR/xhtml1/DTD/xhtml1-transitional.dtd">
<html xmlns="http://www.w3.org/1999/xhtml" xml:lang="en" lang="en">
 <head>
  <title>
</title>
<meta http-equiv="Content-Type" content="text/html;charset=utf-8" />
  <meta name='ocr-system' content='tesseract 3.04.00' />
  <meta name='ocr-capabilities' content='ocr_page ocr_carea ocr_par ocr_line ocrx_word'/>
</head>
<body>
  <div class='ocr_page' id='page_1' title='image "./fastihoratianiac00franuoft_0025.png"; bbox 0 0 1659 2948; ppageno 0'>
   <div class='ocr_carea' id='block_1_1' title="bbox 663 202 938 244">
    <p class='ocr_par' dir='ltr' id='par_1_1' title="bbox 663 202 938 244">
     <span class='ocr_line' id='line_1_1' title="bbox 663 202 938 244; baseline 0.004 -14"><span class='ocrx_word' id='word_1_1' title='bbox 663 202 938 244; x_wconf 34' lang='lat' dir='ltr'>—17ffl</span> 
     </span>
    </p>
   </div>
   <div class='ocr_carea' id='block_1_2' title="bbox 124 309 1468 1893">
    <p class='ocr_par' dir='ltr' id='par_1_2' title="bbox 127 309 1468 1023">
     <span class='ocr_line' id='line_1_2' title="bbox 133 309 1468 366; baseline 0.004 -18"><span class='ocrx_word' id='word_1_2' title='bbox 133 310 270 348; x_wconf 86' lang='lat' dir='ltr'>incidit</span> <span class='ocrx_word' id='word_1_3' title='bbox 294 311 335 349; x_wconf 90' lang='lat' dir='ltr'>in</span> <span class='ocrx_word' id='word_1_4' title='bbox 361 313 608 349; x_wconf 86' lang='lat' dir='ltr'>auctumnum</span> <span class='ocrx_word' id='word_1_5' title='bbox 634 312 725 349; x_wconf 87' lang='lat' dir='ltr'>anni</span> <span class='ocrx_word' id='word_1_6' title='bbox 750 323 787 349; x_wconf 88' lang='lat' dir='ltr'>u.</span> <span class='ocrx_word' id='word_1_7' title='bbox 816 324 847 350; x_wconf 89' lang='lat' dir='ltr'>c.</span> <span class='ocrx_word' id='word_1_8' title='bbox 874 313 948 349; x_wconf 85' lang='lat'>712</span> <span class='ocrx_word' id='word_1_9' title='bbox 969 309 1043 366; x_wconf 68' lang='grc'>48).</span> <span class='ocrx_word' id='word_1_10' title='bbox 1070 334 1120 341; x_wconf 91' lang='grc'>-</span> <span class='ocrx_word' id='word_1_11' title='bbox 1179 313 1254 351; x_wconf 89' lang='lat' dir='ltr'>Sed</span> <span class='ocrx_word' id='word_1_12' title='bbox 1288 315 1468 353; x_wconf 83' lang='lat' dir='ltr'>falluntur</span> 
     </span>
     <span class='ocr_line' id='line_1_3' title="bbox 132 374 1467 421; baseline 0.003 -12"><span class='ocrx_word' id='word_1_13' title='bbox 132 374 199 421; x_wconf 89' lang='lat' dir='ltr'>qui</span> <span class='ocrx_word' id='word_1_14' title='bbox 223 375 329 411; x_wconf 88' lang='lat' dir='ltr'>recta</span> <span class='ocrx_word' id='word_1_15' title='bbox 355 375 420 410; x_wconf 82' lang='lat' dir='ltr'>via</span> <span class='ocrx_word' id='word_1_16' title='bbox 447 385 534 410; x_wconf 90' lang='lat' dir='ltr'>eum</span> <span class='ocrx_word' id='word_1_17' title='bbox 559 374 721 411; x_wconf 86' lang='lat' dir='ltr'><strong>Romam</strong></span> <span class='ocrx_word' id='word_1_18' title='bbox 746 374 944 411; x_wconf 85' lang='lat' dir='ltr'>revenisse</span> <span class='ocrx_word' id='word_1_19' title='bbox 965 374 1152 421; x_wconf 87' lang='lat' dir='ltr'>judicant.</span> <span class='ocrx_word' id='word_1_20' title='bbox 1200 376 1321 413; x_wconf 90' lang='lat' dir='ltr'>Immo</span> <span class='ocrx_word' id='word_1_21' title='bbox 1347 377 1467 414; x_wconf 87' lang='lat' dir='ltr'>tritis-</span> 
     </span>
     <span class='ocr_line' id='line_1_4' title="bbox 132 432 1468 486; baseline 0.002 -15"><span class='ocrx_word' id='word_1_22' title='bbox 132 435 230 471; x_wconf 91' lang='lat' dir='ltr'>simo</span> <span class='ocrx_word' id='word_1_23' title='bbox 255 435 394 471; x_wconf 89' lang='lat' dir='ltr'>itinere</span> <span class='ocrx_word' id='word_1_24' title='bbox 422 435 657 472; x_wconf 89' lang='lat' dir='ltr'>Brundisino</span> <span class='ocrx_word' id='word_1_25' title='bbox 678 432 739 486; x_wconf 72' lang='lat'>⁴⁹)</span> <span class='ocrx_word' id='word_1_26' title='bbox 767 446 855 471; x_wconf 90' lang='lat' dir='ltr'>eum</span> <span class='ocrx_word' id='word_1_27' title='bbox 880 448 994 473; x_wconf 88' lang='lat' dir='ltr'>usum</span> <span class='ocrx_word' id='word_1_28' title='bbox 1019 437 1185 484; x_wconf 90' lang='lat' dir='ltr'>primum</span> <span class='ocrx_word' id='word_1_29' title='bbox 1210 438 1253 474; x_wconf 88' lang='lat' dir='ltr'>in</span> <span class='ocrx_word' id='word_1_30' title='bbox 1267 439 1468 485; x_wconf 82' lang='lat' dir='ltr'>paternam</span> 
     </span>
     <span class='ocr_line' id='line_1_5' title="bbox 131 496 1467 549; baseline 0.003 -17"><span class='ocrx_word' id='word_1_31' title='bbox 131 496 264 532; x_wconf 89' lang='lat' dir='ltr'>sedem</span> <span class='ocrx_word' id='word_1_32' title='bbox 291 497 562 542; x_wconf 83' lang='lat' dir='ltr'>commigrasse</span> <span class='ocrx_word' id='word_1_33' title='bbox 590 507 637 532; x_wconf 93' lang='lat' dir='ltr'>eo</span> <span class='ocrx_word' id='word_1_34' title='bbox 662 496 786 541; x_wconf 83' lang='lat' dir='ltr'>magis</span> <span class='ocrx_word' id='word_1_35' title='bbox 814 496 985 534; x_wconf 86' lang='lat' dir='ltr'>adducor</span> <span class='ocrx_word' id='word_1_36' title='bbox 1009 500 1052 533; x_wconf 89' lang='lat' dir='ltr'>ut</span> <span class='ocrx_word' id='word_1_37' title='bbox 1079 499 1252 549; x_wconf 88' lang='lat' dir='ltr'>credam,</span> <span class='ocrx_word' id='word_1_38' title='bbox 1294 510 1370 547; x_wconf 93' lang='lat' dir='ltr'>quo</span> <span class='ocrx_word' id='word_1_39' title='bbox 1396 499 1467 536; x_wconf 84' lang='lat' dir='ltr'>mi-</span> 
     </span>
     <span class='ocr_line' id='line_1_6' title="bbox 128 557 1466 608; baseline 0.003 -15"><span class='ocrx_word' id='word_1_40' title='bbox 128 568 203 593; x_wconf 88' lang='lat' dir='ltr'>nus</span> <span class='ocrx_word' id='word_1_41' title='bbox 237 557 489 607; x_wconf 78' lang='lat' dir='ltr'>intelligitur,</span> <span class='ocrx_word' id='word_1_42' title='bbox 525 568 594 594; x_wconf 87' lang='lat' dir='ltr'>cur</span> <span class='ocrx_word' id='word_1_43' title='bbox 634 557 677 593; x_wconf 91' lang='lat' dir='ltr'>in</span> <span class='ocrx_word' id='word_1_44' title='bbox 711 567 899 592; x_wconf 88' lang='lat' dir='ltr'>summam</span> <span class='ocrx_word' id='word_1_45' title='bbox 935 557 1107 603; x_wconf 88' lang='lat' dir='ltr'>dejectus</span> <span class='ocrx_word' id='word_1_46' title='bbox 1142 560 1314 608; x_wconf 87' lang='lat' dir='ltr'>inopiam</span> <span class='ocrx_word' id='word_1_47' title='bbox 1348 560 1466 597; x_wconf 91' lang='lat' dir='ltr'>desti-</span> 
     </span>
     <span class='ocr_line' id='line_1_7' title="bbox 129 618 1466 670; baseline 0.002 -16"><span class='ocrx_word' id='word_1_48' title='bbox 129 620 314 666; x_wconf 80' lang='lat' dir='ltr'>tutusque</span> <span class='ocrx_word' id='word_1_49' title='bbox 361 619 577 655; x_wconf 84' lang='lat' dir='ltr'>fautoribus</span> <span class='ocrx_word' id='word_1_50' title='bbox 624 619 787 656; x_wconf 84' lang='lat' dir='ltr'>Romam</span> <span class='ocrx_word' id='word_1_51' title='bbox 827 618 989 663; x_wconf 74' lang='lat' dir='ltr'>elegerit</span> <span class='ocrx_word' id='word_1_52' title='bbox 1031 619 1288 670; x_wconf 79' lang='lat' dir='ltr'>domicilium,</span> <span class='ocrx_word' id='word_1_53' title='bbox 1339 632 1466 669; x_wconf 89' lang='lat' dir='ltr'>neque</span> 
     </span>
     <span class='ocr_line' id='line_1_8' title="bbox 128 678 1466 730; baseline 0.002 -14"><span class='ocrx_word' id='word_1_54' title='bbox 128 679 339 717; x_wconf 84' lang='lat' dir='ltr'>Venusiam</span> <span class='ocrx_word' id='word_1_55' title='bbox 365 679 526 727; x_wconf 87' lang='lat' dir='ltr'>abierit,</span> <span class='ocrx_word' id='word_1_56' title='bbox 562 678 630 714; x_wconf 91' lang='lat' dir='ltr'>ubi</span> <span class='ocrx_word' id='word_1_57' title='bbox 662 679 704 715; x_wconf 91' lang='lat' dir='ltr'>in</span> <span class='ocrx_word' id='word_1_58' title='bbox 738 679 861 726; x_wconf 86' lang='lat' dir='ltr'>patris</span> <span class='ocrx_word' id='word_1_59' title='bbox 889 679 1013 723; x_wconf 84' lang='lat' dir='ltr'>agello</span> <span class='ocrx_word' id='word_1_60' title='bbox 1040 680 1185 716; x_wconf 81' lang='lat' dir='ltr'>victum</span> <span class='ocrx_word' id='word_1_61' title='bbox 1212 682 1287 717; x_wconf 88' lang='lat' dir='ltr'>sibi</span> <span class='ocrx_word' id='word_1_62' title='bbox 1313 693 1466 730; x_wconf 86' lang='lat' dir='ltr'>compa-</span> 
     </span>
     <span class='ocr_line' id='line_1_9' title="bbox 128 739 1466 788; baseline 0.001 -10"><span class='ocrx_word' id='word_1_63' title='bbox 128 752 215 778; x_wconf 90' lang='lat' dir='ltr'>rare</span> <span class='ocrx_word' id='word_1_64' title='bbox 240 740 375 788; x_wconf 71' lang='lat' dir='ltr'>5p0tuit</span> <span class='ocrx_word' id='word_1_65' title='bbox 417 739 622 775; x_wconf 79' lang='lat' dir='ltr'>certiorem</span> <span class='ocrx_word' id='word_1_66' title='bbox 657 740 794 775; x_wconf 87' lang='lat' dir='ltr'>saltem</span> <span class='ocrx_word' id='word_1_67' title='bbox 830 749 946 787; x_wconf 89' lang='lat' dir='ltr'>quam</span> <span class='ocrx_word' id='word_1_68' title='bbox 974 739 1079 776; x_wconf 90' lang='lat' dir='ltr'>alibi.</span> <span class='ocrx_word' id='word_1_69' title='bbox 1141 740 1218 777; x_wconf 89' lang='lat' dir='ltr'>Sed</span> <span class='ocrx_word' id='word_1_70' title='bbox 1252 741 1322 778; x_wconf 92' lang='lat' dir='ltr'>ubi</span> <span class='ocrx_word' id='word_1_71' title='bbox 1348 742 1466 779; x_wconf 81' lang='lat' dir='ltr'>fundo</span> 
     </span>
     <span class='ocr_line' id='line_1_10' title="bbox 127 797 1466 853; baseline 0.002 -16"><span class='ocrx_word' id='word_1_72' title='bbox 127 803 289 850; x_wconf 88' lang='lat' dir='ltr'>paterno</span> <span class='ocrx_word' id='word_1_73' title='bbox 322 800 517 848; x_wconf 89' lang='lat' dir='ltr'>privatum</span> <span class='ocrx_word' id='word_1_74' title='bbox 552 812 593 837; x_wconf 90' lang='lat' dir='ltr'>se</span> <span class='ocrx_word' id='word_1_75' title='bbox 628 800 728 837; x_wconf 88' lang='lat' dir='ltr'>vidit</span> <span class='ocrx_word' id='word_1_76' title='bbox 746 797 830 853; x_wconf 80' lang='lat'>⁵⁰),</span> <span class='ocrx_word' id='word_1_77' title='bbox 864 800 1123 849; x_wconf 82' lang='lat' dir='ltr'>propriaeque</span> <span class='ocrx_word' id='word_1_78' title='bbox 1150 801 1298 838; x_wconf 90' lang='lat' dir='ltr'>telluris</span> <span class='ocrx_word' id='word_1_79' title='bbox 1324 812 1466 840; x_wconf 82' lang='lat' dir='ltr'>novum</span> 
     </span>
     <span class='ocr_line' id='line_1_11' title="bbox 127 861 1267 912; baseline 0 -13"><span class='ocrx_word' id='word_1_80' title='bbox 127 862 311 912; x_wconf 87' lang='lat' dir='ltr'>incolam,</span> <span class='ocrx_word' id='word_1_81' title='bbox 339 872 420 898; x_wconf 92' lang='lat' dir='ltr'>non</span> <span class='ocrx_word' id='word_1_82' title='bbox 444 863 609 912; x_wconf 85' lang='lat' dir='ltr'>patrem,</span> <span class='ocrx_word' id='word_1_83' title='bbox 637 861 821 911; x_wconf 85' lang='lat' dir='ltr'>offendit,</span> <span class='ocrx_word' id='word_1_84' title='bbox 851 872 938 898; x_wconf 91' lang='lat' dir='ltr'>eum</span> <span class='ocrx_word' id='word_1_85' title='bbox 964 862 1177 898; x_wconf 87' lang='lat' dir='ltr'>verisimile</span> <span class='ocrx_word' id='word_1_86' title='bbox 1206 865 1267 899; x_wconf 90' lang='lat' dir='ltr'>est</span> 
     </span>
     <span class='ocr_line' id='line_1_12' title="bbox 274 923 1249 972; baseline -0.001 -11"><span class='ocrx_word' id='word_1_87' title='bbox 274 924 430 962; x_wconf 87' lang='lat' dir='ltr'>Decisis</span> <span class='ocrx_word' id='word_1_88' title='bbox 457 923 642 960; x_wconf 89' lang='lat' dir='ltr'>humilem</span> <span class='ocrx_word' id='word_1_89' title='bbox 668 923 807 972; x_wconf 85' lang='lat' dir='ltr'>pennis</span> <span class='ocrx_word' id='word_1_90' title='bbox 834 923 1068 972; x_wconf 86' lang='lat' dir='ltr'>inopemque</span> <span class='ocrx_word' id='word_1_91' title='bbox 1095 924 1249 972; x_wconf 87' lang='lat' dir='ltr'>paterni</span> 
     </span>
     <span class='ocr_line' id='line_1_13' title="bbox 275 985 647 1023; baseline -0.005 0"><span class='ocrx_word' id='word_1_92' title='bbox 275 985 327 1023; x_wconf 90' lang='lat' dir='ltr'>Et</span> <span class='ocrx_word' id='word_1_93' title='bbox 352 985 444 1023; x_wconf 90' lang='lat' dir='ltr'>laris</span> <span class='ocrx_word' id='word_1_94' title='bbox 472 987 512 1021; x_wconf 89' lang='lat' dir='ltr'>et</span> <span class='ocrx_word' id='word_1_95' title='bbox 537 985 647 1022; x_wconf 85' lang='lat' dir='ltr'>fundi</span> 
     </span>
    </p>

    <p class='ocr_par' dir='ltr' id='par_1_3' title="bbox 124 1046 1464 1512">
     <span class='ocr_line' id='line_1_14' title="bbox 125 1046 1464 1097; baseline 0.001 -13"><span class='ocrx_word' id='word_1_96' title='bbox 125 1047 288 1084; x_wconf 83' lang='lat' dir='ltr'>Romam</span> <span class='ocrx_word' id='word_1_97' title='bbox 329 1048 546 1095; x_wconf 86' lang='lat' dir='ltr'>profectum</span> <span class='ocrx_word' id='word_1_98' title='bbox 590 1058 697 1097; x_wconf 89' lang='lat' dir='ltr'>esse,</span> <span class='ocrx_word' id='word_1_99' title='bbox 750 1046 806 1084; x_wconf 92' lang='lat' dir='ltr'>ibi</span> <span class='ocrx_word' id='word_1_100' title='bbox 850 1049 894 1083; x_wconf 90' lang='lat' dir='ltr'>ut</span> <span class='ocrx_word' id='word_1_101' title='bbox 936 1047 1146 1095; x_wconf 87' lang='lat' dir='ltr'>praeclaris</span> <span class='ocrx_word' id='word_1_102' title='bbox 1191 1050 1353 1086; x_wconf 89' lang='lat' dir='ltr'>naturae</span> <span class='ocrx_word' id='word_1_103' title='bbox 1397 1048 1464 1086; x_wconf 89' lang='lat' dir='ltr'>do-</span> 
     </span>
     <span class='ocr_line' id='line_1_15' title="bbox 127 1108 1464 1157; baseline 0.002 -13"><span class='ocrx_word' id='word_1_104' title='bbox 127 1108 232 1144; x_wconf 86' lang='lat' dir='ltr'>tibus</span> <span class='ocrx_word' id='word_1_105' title='bbox 266 1108 412 1145; x_wconf 84' lang='lat' dir='ltr'>victum</span> <span class='ocrx_word' id='word_1_106' title='bbox 447 1110 673 1157; x_wconf 87' lang='lat' dir='ltr'>quaereret,</span> <span class='ocrx_word' id='word_1_107' title='bbox 715 1110 755 1144; x_wconf 91' lang='lat' dir='ltr'>et</span> <span class='ocrx_word' id='word_1_108' title='bbox 788 1108 831 1144; x_wconf 92' lang='lat' dir='ltr'>in</span> <span class='ocrx_word' id='word_1_109' title='bbox 865 1109 1104 1146; x_wconf 89' lang='lat' dir='ltr'>eruditorum</span> <span class='ocrx_word' id='word_1_110' title='bbox 1137 1110 1336 1147; x_wconf 90' lang='lat' dir='ltr'>hominum</span> <span class='ocrx_word' id='word_1_111' title='bbox 1375 1121 1464 1147; x_wconf 88' lang='lat' dir='ltr'>con·</span> 
     </span>
     <span class='ocr_line' id='line_1_16' title="bbox 126 1169 1464 1218; baseline 0.001 -12"><span class='ocrx_word' id='word_1_112' title='bbox 126 1170 247 1206; x_wconf 87' lang='lat' dir='ltr'>sortio</span> <span class='ocrx_word' id='word_1_113' title='bbox 282 1169 439 1218; x_wconf 79' lang='lat' dir='ltr'>iniquae</span> <span class='ocrx_word' id='word_1_114' title='bbox 479 1169 595 1206; x_wconf 88' lang='lat' dir='ltr'>sortis</span> <span class='ocrx_word' id='word_1_115' title='bbox 637 1169 827 1208; x_wconf 88' lang='lat' dir='ltr'>solatium.</span> <span class='ocrx_word' id='word_1_116' title='bbox 898 1171 998 1208; x_wconf 91' lang='lat' dir='ltr'>Tum</span> <span class='ocrx_word' id='word_1_117' title='bbox 1044 1171 1162 1217; x_wconf 79' lang='lat' dir='ltr'>igitur</span> <span class='ocrx_word' id='word_1_118' title='bbox 1186 1193 1238 1199; x_wconf 93' lang='lat'>—</span> <span class='ocrx_word' id='word_1_119' title='bbox 1263 1171 1464 1208; x_wconf 84' lang='lat' dir='ltr'>audiamus</span> 
     </span>
     <span class='ocr_line' id='line_1_17' title="bbox 124 1231 1464 1282; baseline 0.001 -15"><span class='ocrx_word' id='word_1_120' title='bbox 124 1231 254 1280; x_wconf 91' lang='lat' dir='ltr'>ipsum</span> <span class='ocrx_word' id='word_1_121' title='bbox 278 1253 329 1258; x_wconf 97' lang='lat'><strong>—</strong></span> <span class='ocrx_word' id='word_1_122' title='bbox 354 1242 443 1268; x_wconf 86' lang='lat' dir='ltr'>eum</span> <span class='ocrx_word' id='word_1_123' title='bbox 471 1233 773 1281; x_wconf 78' lang='lat' dir='ltr'>„paupertas</span> <span class='ocrx_word' id='word_1_124' title='bbox 809 1232 1011 1279; x_wconf 88' lang='lat' dir='ltr'>impulit</span> <span class='ocrx_word' id='word_1_125' title='bbox 1051 1232 1235 1282; x_wconf 78' lang='lat' dir='ltr'>audax,</span> <span class='ocrx_word' id='word_1_126' title='bbox 1272 1235 1324 1269; x_wconf 89' lang='lat' dir='ltr'>ut</span> <span class='ocrx_word' id='word_1_127' title='bbox 1362 1244 1464 1269; x_wconf 87' lang='lat' dir='ltr'>ver-</span> 
     </span>
     <span class='ocr_line' id='line_1_18' title="bbox 127 1283 1464 1343; baseline 0.001 -14"><span class='ocrx_word' id='word_1_128' title='bbox 127 1304 208 1329; x_wconf 88' lang='lat' dir='ltr'>sus</span> <span class='ocrx_word' id='word_1_129' title='bbox 243 1291 478 1329; x_wconf 82' lang='lat' dir='ltr'>faceret.“</span> <span class='ocrx_word' id='word_1_130' title='bbox 541 1293 627 1336; x_wconf 87' lang='lat' dir='ltr'>Quo</span> <span class='ocrx_word' id='word_1_131' title='bbox 662 1292 756 1340; x_wconf 87' lang='lat' dir='ltr'>quid</span> <span class='ocrx_word' id='word_1_132' title='bbox 792 1293 1087 1343; x_wconf 71' lang='lat' dir='ltr'>significaverit,</span> <span class='ocrx_word' id='word_1_133' title='bbox 1125 1305 1171 1330; x_wconf 91' lang='lat' dir='ltr'>eo</span> <span class='ocrx_word' id='word_1_134' title='bbox 1206 1283 1329 1340; x_wconf 81' lang='lat' dir='ltr'>magis</span> <span class='ocrx_word' id='word_1_135' title='bbox 1365 1305 1386 1330; x_wconf 89' lang='lat' dir='ltr'>e</span> <span class='ocrx_word' id='word_1_136' title='bbox 1421 1305 1464 1330; x_wconf 91' lang='lat' dir='ltr'>re</span> 
     </span>
     <span class='ocr_line' id='line_1_19' title="bbox 126 1354 1464 1404; baseline 0.001 -14"><span class='ocrx_word' id='word_1_137' title='bbox 126 1354 201 1389; x_wconf 87' lang='lat' dir='ltr'>erit</span> <span class='ocrx_word' id='word_1_138' title='bbox 225 1354 340 1402; x_wconf 91' lang='lat' dir='ltr'>paulo</span> <span class='ocrx_word' id='word_1_139' title='bbox 367 1354 583 1390; x_wconf 80' lang='lat' dir='ltr'>accuratius</span> <span class='ocrx_word' id='word_1_140' title='bbox 612 1365 821 1404; x_wconf 78' lang='lat' dir='ltr'>exponere,</span> <span class='ocrx_word' id='word_1_141' title='bbox 850 1357 993 1402; x_wconf 87' lang='lat' dir='ltr'>quanto</span> <span class='ocrx_word' id='word_1_142' title='bbox 1014 1355 1162 1391; x_wconf 86' lang='lat' dir='ltr'>firmius</span> <span class='ocrx_word' id='word_1_143' title='bbox 1189 1355 1245 1392; x_wconf 85' lang='lat' dir='ltr'>ita</span> <span class='ocrx_word' id='word_1_144' title='bbox 1270 1357 1352 1392; x_wconf 89' lang='lat' dir='ltr'>fore</span> <span class='ocrx_word' id='word_1_145' title='bbox 1378 1356 1464 1391; x_wconf 85' lang='lat' dir='ltr'>fun-</span> 
     </span>
     <span class='ocr_line' id='line_1_20' title="bbox 126 1414 1463 1467; baseline 0.003 -17"><span class='ocrx_word' id='word_1_146' title='bbox 126 1414 349 1450; x_wconf 89' lang='lat' dir='ltr'>damentum</span> <span class='ocrx_word' id='word_1_147' title='bbox 382 1427 519 1464; x_wconf 88' lang='lat' dir='ltr'>spero,</span> <span class='ocrx_word' id='word_1_148' title='bbox 554 1416 596 1451; x_wconf 93' lang='lat' dir='ltr'>in</span> <span class='ocrx_word' id='word_1_149' title='bbox 630 1426 706 1462; x_wconf 89' lang='lat' dir='ltr'>quo</span> <span class='ocrx_word' id='word_1_150' title='bbox 732 1416 819 1463; x_wconf 89' lang='lat' dir='ltr'>ipsa</span> <span class='ocrx_word' id='word_1_151' title='bbox 846 1416 1068 1465; x_wconf 85' lang='lat' dir='ltr'>disquisitio</span> <span class='ocrx_word' id='word_1_152' title='bbox 1103 1417 1272 1467; x_wconf 89' lang='lat' dir='ltr'>nitetur,</span> <span class='ocrx_word' id='word_1_153' title='bbox 1309 1427 1463 1465; x_wconf 88' lang='lat' dir='ltr'>quoque</span> 
     </span>
     <span class='ocr_line' id='line_1_21' title="bbox 125 1475 784 1512; baseline 0 0"><span class='ocrx_word' id='word_1_154' title='bbox 125 1475 273 1512; x_wconf 85' lang='lat' dir='ltr'>facilior</span> <span class='ocrx_word' id='word_1_155' title='bbox 299 1475 350 1511; x_wconf 88' lang='lat' dir='ltr'>ad</span> <span class='ocrx_word' id='word_1_156' title='bbox 376 1485 462 1510; x_wconf 89' lang='lat' dir='ltr'>eam</span> <span class='ocrx_word' id='word_1_157' title='bbox 488 1475 553 1510; x_wconf 88' lang='lat' dir='ltr'>fiet</span> <span class='ocrx_word' id='word_1_158' title='bbox 580 1477 784 1512; x_wconf 84' lang='lat' dir='ltr'>transitus.</span> 
     </span>
    </p>

    <p class='ocr_par' dir='ltr' id='par_1_4' title="bbox 124 1535 1464 1893">
     <span class='ocr_line' id='line_1_22' title="bbox 224 1535 1464 1585; baseline 0.002 -12"><span class='ocrx_word' id='word_1_159' title='bbox 224 1535 381 1573; x_wconf 90' lang='lat' dir='ltr'>Nemini</span> <span class='ocrx_word' id='word_1_160' title='bbox 407 1545 576 1582; x_wconf 86' lang='lat' dir='ltr'>unquam</span> <span class='ocrx_word' id='word_1_161' title='bbox 604 1535 765 1572; x_wconf 87' lang='lat' dir='ltr'>dubium</span> <span class='ocrx_word' id='word_1_162' title='bbox 798 1537 871 1572; x_wconf 85' lang='lat' dir='ltr'>fuit</span> <span class='ocrx_word' id='word_1_163' title='bbox 905 1537 998 1584; x_wconf 88' lang='lat' dir='ltr'>quin</span> <span class='ocrx_word' id='word_1_164' title='bbox 1023 1538 1206 1574; x_wconf 87' lang='lat' dir='ltr'>Horatius</span> <span class='ocrx_word' id='word_1_165' title='bbox 1232 1538 1274 1573; x_wconf 91' lang='lat' dir='ltr'>in</span> <span class='ocrx_word' id='word_1_166' title='bbox 1300 1537 1464 1585; x_wconf 85' lang='lat' dir='ltr'>epistola</span> 
     </span>
     <span class='ocr_line' id='line_1_23' title="bbox 125 1595 1462 1648; baseline 0.001 -14"><span class='ocrx_word' id='word_1_167' title='bbox 125 1597 175 1634; x_wconf 89' lang='lat' dir='ltr'>ad</span> <span class='ocrx_word' id='word_1_168' title='bbox 213 1596 345 1634; x_wconf 71' lang='lat' dir='ltr'>,Iulum</span> <span class='ocrx_word' id='word_1_169' title='bbox 382 1595 539 1632; x_wconf 86' lang='lat' dir='ltr'>Florum</span> <span class='ocrx_word' id='word_1_170' title='bbox 579 1607 691 1633; x_wconf 88' lang='lat' dir='ltr'>suum</span> <span class='ocrx_word' id='word_1_171' title='bbox 730 1596 819 1633; x_wconf 90' lang='lat' dir='ltr'>data</span> <span class='ocrx_word' id='word_1_172' title='bbox 853 1597 1119 1644; x_wconf 79' lang='lat' dir='ltr'>indignantem</span> <span class='ocrx_word' id='word_1_173' title='bbox 1146 1600 1462 1648; x_wconf 88' lang='lat' dir='ltr'>querentemque,</span> 
     </span>
     <span class='ocr_line' id='line_1_24' title="bbox 126 1657 1463 1708; baseline 0.001 -13"><span class='ocrx_word' id='word_1_174' title='bbox 126 1659 230 1708; x_wconf 93' lang='lat' dir='ltr'>quod</span> <span class='ocrx_word' id='word_1_175' title='bbox 255 1669 328 1695; x_wconf 90' lang='lat' dir='ltr'>nee</span> <span class='ocrx_word' id='word_1_176' title='bbox 356 1657 520 1705; x_wconf 87' lang='lat' dir='ltr'>epistola</span> <span class='ocrx_word' id='word_1_177' title='bbox 533 1668 659 1705; x_wconf 89' lang='lat' dir='ltr'>neque</span> <span class='ocrx_word' id='word_1_178' title='bbox 676 1660 903 1706; x_wconf 83' lang='lat' dir='ltr'>exspectata</span> <span class='ocrx_word' id='word_1_179' title='bbox 921 1660 1091 1695; x_wconf 88' lang='lat' dir='ltr'>carmina</span> <span class='ocrx_word' id='word_1_180' title='bbox 1109 1671 1131 1696; x_wconf 91' lang='lat' dir='ltr'>a</span> <span class='ocrx_word' id='word_1_181' title='bbox 1149 1659 1325 1696; x_wconf 86' lang='lat' dir='ltr'>mendaci</span> <span class='ocrx_word' id='word_1_182' title='bbox 1347 1663 1463 1708; x_wconf 87' lang='lat' dir='ltr'>poeta</span> 
     </span>
     <span class='ocr_line' id='line_1_25' title="bbox 124 1718 1459 1768; baseline 0.001 -11"><span class='ocrx_word' id='word_1_183' title='bbox 124 1721 244 1758; x_wconf 84' lang='lat' dir='ltr'>missa</span> <span class='ocrx_word' id='word_1_184' title='bbox 270 1720 361 1768; x_wconf 85' lang='lat' dir='ltr'>sint,</span> <span class='ocrx_word' id='word_1_185' title='bbox 388 1718 675 1756; x_wconf 84' lang='lat' dir='ltr'>narratiuncula</span> <span class='ocrx_word' id='word_1_186' title='bbox 701 1719 768 1756; x_wconf 90' lang='lat' dir='ltr'>illa</span> <span class='ocrx_word' id='word_1_187' title='bbox 796 1719 843 1755; x_wconf 91' lang='lat' dir='ltr'>de</span> <span class='ocrx_word' id='word_1_188' title='bbox 864 1720 1013 1756; x_wconf 88' lang='lat' dir='ltr'>Luculli</span> <span class='ocrx_word' id='word_1_189' title='bbox 1035 1721 1156 1757; x_wconf 85' lang='lat' dir='ltr'>milite</span> <span class='ocrx_word' id='word_1_190' title='bbox 1176 1733 1199 1757; x_wconf 94' lang='lat' dir='ltr'>a</span> <span class='ocrx_word' id='word_1_191' title='bbox 1217 1734 1253 1757; x_wconf 74' lang='lat' dir='ltr'>v.</span> <span class='ocrx_word' id='word_1_192' title='bbox 1273 1721 1386 1756; x_wconf 83' lang='lat'>26—</span> <span class='ocrx_word' id='word_1_193' title='bbox 1400 1723 1459 1758; x_wconf 86' lang='lat'>40.</span> 
     </span>
     <span class='ocr_line' id='line_1_26' title="bbox 125 1781 1461 1831; baseline 0.001 -13"><span class='ocrx_word' id='word_1_194' title='bbox 125 1782 301 1818; x_wconf 73' lang='lat' dir='ltr'>exhibita</span> <span class='ocrx_word' id='word_1_195' title='bbox 341 1792 450 1817; x_wconf 89' lang='lat' dir='ltr'>suam</span> <span class='ocrx_word' id='word_1_196' title='bbox 488 1781 612 1828; x_wconf 89' lang='lat' dir='ltr'>ipsius</span> <span class='ocrx_word' id='word_1_197' title='bbox 648 1781 872 1831; x_wconf 83' lang='lat' dir='ltr'>historiam,</span> <span class='ocrx_word' id='word_1_198' title='bbox 915 1782 1031 1818; x_wconf 86' lang='lat' dir='ltr'>sortis</span> <span class='ocrx_word' id='word_1_199' title='bbox 1071 1782 1198 1831; x_wconf 76' lang='lat' dir='ltr'>vices,</span> <span class='ocrx_word' id='word_1_200' title='bbox 1239 1783 1376 1830; x_wconf 90' lang='lat' dir='ltr'>hisque</span> <span class='ocrx_word' id='word_1_201' title='bbox 1411 1782 1461 1819; x_wconf 88' lang='lat' dir='ltr'>ad</span> 
     </span>
     <span class='ocr_line' id='line_1_27' title="bbox 124 1841 1460 1893; baseline 0 -13"><span class='ocrx_word' id='word_1_202' title='bbox 124 1843 262 1893; x_wconf 89' lang='lat' dir='ltr'>poesin</span> <span class='ocrx_word' id='word_1_203' title='bbox 300 1841 551 1879; x_wconf 86' lang='lat' dir='ltr'>factitandam</span> <span class='ocrx_word' id='word_1_204' title='bbox 590 1844 834 1890; x_wconf 83' lang='lat' dir='ltr'>procreatum</span> <span class='ocrx_word' id='word_1_205' title='bbox 873 1842 1166 1879; x_wconf 82' lang='lat' dir='ltr'>incitamentum</span> <span class='ocrx_word' id='word_1_206' title='bbox 1204 1845 1387 1892; x_wconf 87' lang='lat' dir='ltr'>tanquam</span> <span class='ocrx_word' id='word_1_207' title='bbox 1419 1844 1460 1880; x_wconf 91' lang='lat' dir='ltr'>in</span> 
     </span>
    </p>
   </div>
   <div class='ocr_carea' id='block_1_3' title="bbox 124 1999 1461 2659">
    <p class='ocr_par' dir='ltr' id='par_1_5' title="bbox 125 1999 1461 2086">
     <span class='ocr_line' id='line_1_28' title="bbox 215 1999 1461 2042; baseline 0.002 -11"><span class='ocrx_word' id='word_1_208' title='bbox 215 1999 275 2041; x_wconf 77' lang='lat'>43)</span> <span class='ocrx_word' id='word_1_209' title='bbox 300 2000 350 2030; x_wconf 85' lang='lat' dir='ltr'>Cf.</span> <span class='ocrx_word' id='word_1_210' title='bbox 375 2000 485 2030; x_wconf 85' lang='lat' dir='ltr'>Noris.</span> <span class='ocrx_word' id='word_1_211' title='bbox 510 2000 688 2041; x_wconf 82' lang='lat' dir='ltr'>Cenotaph.</span> <span class='ocrx_word' id='word_1_212' title='bbox 714 1999 823 2030; x_wconf 87' lang='lat' dir='ltr'>Pisan.</span> <span class='ocrx_word' id='word_1_213' title='bbox 848 1999 978 2031; x_wconf 85' lang='lat' dir='ltr'>dissert.</span> <span class='ocrx_word' id='word_1_214' title='bbox 1004 2001 1042 2031; x_wconf 90' lang='grc' dir='ltr'>ΙΙ.</span> <span class='ocrx_word' id='word_1_215' title='bbox 1067 2010 1098 2041; x_wconf 91' lang='lat' dir='ltr'>p.</span> <span class='ocrx_word' id='word_1_216' title='bbox 1123 2000 1188 2033; x_wconf 84' lang='lat'>133</span> <span class='ocrx_word' id='word_1_217' title='bbox 1221 2012 1288 2042; x_wconf 58' lang='lat' dir='ltr'>sq„</span> <span class='ocrx_word' id='word_1_218' title='bbox 1320 2001 1461 2033; x_wconf 85' lang='lat' dir='ltr'>Masson.</span> 
     </span>
     <span class='ocr_line' id='line_1_29' title="bbox 125 2044 1254 2086; baseline -0.001 -9"><span class='ocrx_word' id='word_1_219' title='bbox 125 2045 184 2077; x_wconf 75' lang='lat' dir='ltr'>vit.</span> <span class='ocrx_word' id='word_1_220' title='bbox 207 2056 239 2086; x_wconf 90' lang='lat' dir='ltr'>p.</span> <span class='ocrx_word' id='word_1_221' title='bbox 265 2045 336 2082; x_wconf 88' lang='lat'>50.,</span> <span class='ocrx_word' id='word_1_222' title='bbox 366 2045 487 2075; x_wconf 85' lang='lat' dir='ltr'>Weieh.</span> <span class='ocrx_word' id='word_1_223' title='bbox 511 2055 541 2085; x_wconf 91' lang='lat' dir='ltr'>p.</span> <span class='ocrx_word' id='word_1_224' title='bbox 567 2045 623 2076; x_wconf 88' lang='lat' dir='ltr'>rel.</span> <span class='ocrx_word' id='word_1_225' title='bbox 647 2056 679 2085; x_wconf 91' lang='lat' dir='ltr'>p.</span> <span class='ocrx_word' id='word_1_226' title='bbox 704 2044 780 2076; x_wconf 77' lang='lat'>453.</span> <span class='ocrx_word' id='word_1_227' title='bbox 806 2045 846 2075; x_wconf 85' lang='lat' dir='ltr'>de</span> <span class='ocrx_word' id='word_1_228' title='bbox 869 2044 946 2076; x_wconf 68' lang='lat' dir='ltr'>Var.</span> <span class='ocrx_word' id='word_1_229' title='bbox 973 2047 1005 2075; x_wconf 88' lang='lat' dir='ltr'>et</span> <span class='ocrx_word' id='word_1_230' title='bbox 1028 2045 1120 2076; x_wconf 85' lang='lat' dir='ltr'>Cass.</span> <span class='ocrx_word' id='word_1_231' title='bbox 1144 2056 1174 2085; x_wconf 89' lang='lat' dir='ltr'>p.</span> <span class='ocrx_word' id='word_1_232' title='bbox 1200 2047 1254 2078; x_wconf 77' lang='lat'>38.</span> 
     </span>
    </p>

    <p class='ocr_par' dir='ltr' id='par_1_6' title="bbox 124 2089 1460 2255">
     <span class='ocr_line' id='line_1_30' title="bbox 216 2089 1459 2131; baseline 0.001 -10"><span class='ocrx_word' id='word_1_233' title='bbox 216 2089 277 2131; x_wconf 78' lang='lat'>49)</span> <span class='ocrx_word' id='word_1_234' title='bbox 301 2090 374 2120; x_wconf 90' lang='lat' dir='ltr'>Non</span> <span class='ocrx_word' id='word_1_235' title='bbox 399 2090 577 2120; x_wconf 86' lang='lat' dir='ltr'>audiendus</span> <span class='ocrx_word' id='word_1_236' title='bbox 601 2089 724 2127; x_wconf 70' lang='lat' dir='ltr'>Schoh,</span> <span class='ocrx_word' id='word_1_237' title='bbox 757 2089 809 2129; x_wconf 88' lang='lat' dir='ltr'>qui</span> <span class='ocrx_word' id='word_1_238' title='bbox 835 2098 875 2120; x_wconf 76' lang='lat' dir='ltr'>ex</span> <span class='ocrx_word' id='word_1_239' title='bbox 899 2090 1016 2120; x_wconf 88' lang='lat' dir='ltr'>itinere</span> <span class='ocrx_word' id='word_1_240' title='bbox 1041 2091 1069 2120; x_wconf 89' lang='lat' dir='ltr'>ei</span> <span class='ocrx_word' id='word_1_241' title='bbox 1094 2090 1182 2120; x_wconf 89' lang='lat' dir='ltr'>istud</span> <span class='ocrx_word' id='word_1_242' title='bbox 1204 2091 1379 2131; x_wconf 89' lang='lat' dir='ltr'>periculum</span> <span class='ocrx_word' id='word_1_243' title='bbox 1402 2100 1459 2122; x_wconf 81' lang='lat' dir='ltr'>ac-</span> 
     </span>
     <span class='ocr_line' id='line_1_31' title="bbox 127 2134 1459 2176; baseline 0.001 -11"><span class='ocrx_word' id='word_1_244' title='bbox 127 2134 246 2166; x_wconf 85' lang='lat' dir='ltr'>cidisse</span> <span class='ocrx_word' id='word_1_245' title='bbox 268 2134 379 2171; x_wconf 85' lang='lat' dir='ltr'>tradit,</span> <span class='ocrx_word' id='word_1_246' title='bbox 403 2134 488 2174; x_wconf 89' lang='lat' dir='ltr'>quod</span> <span class='ocrx_word' id='word_1_247' title='bbox 505 2136 729 2165; x_wconf 83' lang='lat' dir='ltr'>commemorat</span> <span class='ocrx_word' id='word_1_248' title='bbox 746 2134 796 2164; x_wconf 91' lang='lat' dir='ltr'>od.</span> <span class='ocrx_word' id='word_1_249' title='bbox 823 2135 853 2171; x_wconf 87' lang='lat'>3,</span> <span class='ocrx_word' id='word_1_250' title='bbox 879 2134 910 2165; x_wconf 79' lang='grc'>4.</span> <span class='ocrx_word' id='word_1_251' title='bbox 935 2134 999 2171; x_wconf 77' lang='grc'><strong>26.,</strong></span> <span class='ocrx_word' id='word_1_252' title='bbox 1025 2144 1085 2174; x_wconf 90' lang='lat' dir='ltr'>quo</span> <span class='ocrx_word' id='word_1_253' title='bbox 1110 2135 1151 2164; x_wconf 85' lang='lat' dir='ltr'>ad</span> <span class='ocrx_word' id='word_1_254' title='bbox 1174 2136 1357 2166; x_wconf 85' lang='lat' dir='ltr'>Palinurum</span> <span class='ocrx_word' id='word_1_255' title='bbox 1383 2146 1459 2176; x_wconf 89' lang='lat' dir='ltr'>pro-</span> 
     </span>
     <span class='ocr_line' id='line_1_32' title="bbox 125 2179 1460 2221; baseline 0 -11"><span class='ocrx_word' id='word_1_256' title='bbox 125 2179 315 2210; x_wconf 85' lang='lat' dir='ltr'>montorium</span> <span class='ocrx_word' id='word_1_257' title='bbox 346 2180 447 2210; x_wconf 69' lang='lat' dir='ltr'>vitam</span> <span class='ocrx_word' id='word_1_258' title='bbox 486 2189 590 2220; x_wconf 85' lang='lat' dir='ltr'>paene</span> <span class='ocrx_word' id='word_1_259' title='bbox 620 2179 789 2218; x_wconf 83' lang='lat' dir='ltr'>naufragio</span> <span class='ocrx_word' id='word_1_260' title='bbox 822 2179 978 2209; x_wconf 86' lang='lat' dir='ltr'>amiserit.</span> <span class='ocrx_word' id='word_1_261' title='bbox 1018 2189 1049 2210; x_wconf 75' lang='lat' dir='ltr'>r.</span> <span class='ocrx_word' id='word_1_262' title='bbox 1081 2180 1180 2210; x_wconf 81' lang='lat' dir='ltr'>Mass.</span> <span class='ocrx_word' id='word_1_263' title='bbox 1213 2191 1244 2221; x_wconf 94' lang='lat' dir='ltr'>p.</span> <span class='ocrx_word' id='word_1_264' title='bbox 1277 2181 1330 2212; x_wconf 76' lang='lat'>58.</span> <span class='ocrx_word' id='word_1_265' title='bbox 1368 2181 1460 2211; x_wconf 79' lang='lat' dir='ltr'>Pass.</span> 
     </span>
     <span class='ocr_line' id='line_1_33' title="bbox 124 2224 268 2255; baseline 0 0"><span class='ocrx_word' id='word_1_266' title='bbox 124 2227 190 2255; x_wconf 92' lang='lat' dir='ltr'>not.</span> <span class='ocrx_word' id='word_1_267' title='bbox 214 2224 268 2255; x_wconf 81' lang='lat'>97.</span> 
     </span>
    </p>

    <p class='ocr_par' dir='ltr' id='par_1_7' title="bbox 124 2267 1460 2623">
     <span class='ocr_line' id='line_1_34' title="bbox 214 2267 1460 2309; baseline -0.001 -9"><span class='ocrx_word' id='word_1_268' title='bbox 214 2269 274 2309; x_wconf 83' lang='lat'>50)</span> <span class='ocrx_word' id='word_1_269' title='bbox 297 2269 550 2308; x_wconf 70' lang='lat' dir='ltr'>Prosersptione,</span> <span class='ocrx_word' id='word_1_270' title='bbox 574 2268 657 2309; x_wconf 86' lang='lat' dir='ltr'>quod</span> <span class='ocrx_word' id='word_1_271' title='bbox 680 2268 790 2308; x_wconf 89' lang='lat' dir='ltr'>procul</span> <span class='ocrx_word' id='word_1_272' title='bbox 815 2267 910 2298; x_wconf 88' lang='lat' dir='ltr'>dubio</span> <span class='ocrx_word' id='word_1_273' title='bbox 936 2271 1024 2299; x_wconf 85' lang='lat' dir='ltr'>recte</span> <span class='ocrx_word' id='word_1_274' title='bbox 1047 2272 1154 2300; x_wconf 88' lang='lat' dir='ltr'>monet</span> <span class='ocrx_word' id='word_1_275' title='bbox 1171 2269 1276 2300; x_wconf 86' lang='lat' dir='ltr'>Schol.</span> <span class='ocrx_word' id='word_1_276' title='bbox 1300 2269 1342 2299; x_wconf 87' lang='lat' dir='ltr'>ad</span> <span class='ocrx_word' id='word_1_277' title='bbox 1366 2270 1460 2309; x_wconf 85' lang='lat' dir='ltr'>epist.</span> 
     </span>
     <span class='ocr_line' id='line_1_35' title="bbox 125 2313 1459 2354; baseline -0.001 -9"><span class='ocrx_word' id='word_1_278' title='bbox 125 2314 156 2351; x_wconf 81' lang='lat'>2,</span> <span class='ocrx_word' id='word_1_279' title='bbox 180 2314 212 2346; x_wconf 79' lang='lat'>2.</span> <span class='ocrx_word' id='word_1_280' title='bbox 235 2313 289 2345; x_wconf 86' lang='lat'>49.</span> <span class='ocrx_word' id='word_1_281' title='bbox 334 2313 527 2353; x_wconf 81' lang='lat' dir='ltr'>„Significat</span> <span class='ocrx_word' id='word_1_282' title='bbox 550 2324 585 2344; x_wconf 84' lang='lat' dir='ltr'>se</span> <span class='ocrx_word' id='word_1_283' title='bbox 609 2313 823 2353; x_wconf 80' lang='lat' dir='ltr'>proscriptum</span> <span class='ocrx_word' id='word_1_284' title='bbox 848 2313 978 2343; x_wconf 73' lang='lat' dir='ltr'>fuisse-&#39;¹</span> <span class='ocrx_word' id='word_1_285' title='bbox 1002 2314 1116 2354; x_wconf 86' lang='lat' dir='ltr'>Inepte</span> <span class='ocrx_word' id='word_1_286' title='bbox 1141 2315 1223 2344; x_wconf 87' lang='lat' dir='ltr'>enim</span> <span class='ocrx_word' id='word_1_287' title='bbox 1246 2314 1400 2345; x_wconf 86' lang='lat' dir='ltr'>Horatius</span> <span class='ocrx_word' id='word_1_288' title='bbox 1424 2323 1459 2344; x_wconf 84' lang='lat' dir='ltr'>se</span> 
     </span>
     <span class='ocr_line' id='line_1_36' title="bbox 124 2358 1459 2399; baseline 0 -10"><span class='ocrx_word' id='word_1_289' title='bbox 124 2358 250 2399; x_wconf 88' lang='lat' dir='ltr'>inopem</span> <span class='ocrx_word' id='word_1_290' title='bbox 273 2359 401 2399; x_wconf 85' lang='lat' dir='ltr'>paterni</span> <span class='ocrx_word' id='word_1_291' title='bbox 423 2359 501 2388; x_wconf 90' lang='lat' dir='ltr'>laris</span> <span class='ocrx_word' id='word_1_292' title='bbox 526 2361 558 2388; x_wconf 87' lang='lat' dir='ltr'>et</span> <span class='ocrx_word' id='word_1_293' title='bbox 581 2358 670 2388; x_wconf 84' lang='lat' dir='ltr'>fundi</span> <span class='ocrx_word' id='word_1_294' title='bbox 695 2367 767 2387; x_wconf 88' lang='lat' dir='ltr'>esse</span> <span class='ocrx_word' id='word_1_295' title='bbox 791 2360 922 2397; x_wconf 83' lang='lat' dir='ltr'>questus</span> <span class='ocrx_word' id='word_1_296' title='bbox 948 2361 1052 2395; x_wconf 85' lang='lat' dir='ltr'>esset,</span> <span class='ocrx_word' id='word_1_297' title='bbox 1077 2359 1104 2388; x_wconf 84' lang='lat' dir='ltr'>si</span> <span class='ocrx_word' id='word_1_298' title='bbox 1129 2359 1278 2389; x_wconf 71' lang='lat' dir='ltr'>venditus</span> <span class='ocrx_word' id='word_1_299' title='bbox 1302 2359 1416 2389; x_wconf 83' lang='lat' dir='ltr'>fuisset</span> <span class='ocrx_word' id='word_1_300' title='bbox 1441 2367 1459 2388; x_wconf 81' lang='lat' dir='ltr'>a</span> 
     </span>
     <span class='ocr_line' id='line_1_37' title="bbox 126 2402 1458 2443; baseline 0 -11"><span class='ocrx_word' id='word_1_301' title='bbox 126 2405 218 2442; x_wconf 81' lang='lat' dir='ltr'>patre</span> <span class='ocrx_word' id='word_1_302' title='bbox 246 2403 386 2443; x_wconf 72' lang='lat' dir='ltr'>agellus,</span> <span class='ocrx_word' id='word_1_303' title='bbox 420 2413 491 2434; x_wconf 85' lang='lat' dir='ltr'>cum</span> <span class='ocrx_word' id='word_1_304' title='bbox 520 2412 653 2442; x_wconf 88' lang='lat' dir='ltr'>puerum</span> <span class='ocrx_word' id='word_1_305' title='bbox 676 2402 809 2433; x_wconf 88' lang='lat' dir='ltr'>Romam</span> <span class='ocrx_word' id='word_1_306' title='bbox 841 2402 1049 2433; x_wconf 85' lang='lat' dir='ltr'>comitaretur</span> <span class='ocrx_word' id='word_1_307' title='bbox 1088 2403 1156 2437; x_wconf 82' lang='lat' dir='ltr'>(Ita</span> <span class='ocrx_word' id='word_1_308' title='bbox 1179 2404 1352 2441; x_wconf 59' lang='lat' dir='ltr'>Masson).</span> <span class='ocrx_word' id='word_1_309' title='bbox 1391 2402 1458 2433; x_wconf 83' lang='lat' dir='ltr'>Ve-</span> 
     </span>
     <span class='ocr_line' id='line_1_38' title="bbox 126 2446 1459 2488; baseline -0.001 -11"><span class='ocrx_word' id='word_1_310' title='bbox 126 2448 220 2478; x_wconf 80' lang='lat' dir='ltr'>nusia</span> <span class='ocrx_word' id='word_1_311' title='bbox 241 2450 349 2478; x_wconf 89' lang='lat' dir='ltr'>autem</span> <span class='ocrx_word' id='word_1_312' title='bbox 370 2448 404 2478; x_wconf 90' lang='lat' dir='ltr'>in</span> <span class='ocrx_word' id='word_1_313' title='bbox 429 2447 608 2478; x_wconf 86' lang='lat' dir='ltr'>octodecim</span> <span class='ocrx_word' id='word_1_314' title='bbox 631 2447 693 2477; x_wconf 89' lang='lat' dir='ltr'>illis</span> <span class='ocrx_word' id='word_1_315' title='bbox 717 2446 907 2477; x_wconf 74' lang='lat' dir='ltr'>civitatibus</span> <span class='ocrx_word' id='word_1_316' title='bbox 933 2450 1018 2483; x_wconf 88' lang='lat' dir='ltr'>erat,</span> <span class='ocrx_word' id='word_1_317' title='bbox 1044 2457 1177 2487; x_wconf 86' lang='lat' dir='ltr'>quarum</span> <span class='ocrx_word' id='word_1_318' title='bbox 1201 2449 1271 2488; x_wconf 83' lang='lat' dir='ltr'>agri</span> <span class='ocrx_word' id='word_1_319' title='bbox 1295 2447 1459 2478; x_wconf 71' lang='lat' dir='ltr'>veteranis</span> 
     </span>
     <span class='ocr_line' id='line_1_39' title="bbox 126 2490 1458 2530; baseline 0.001 -9"><span class='ocrx_word' id='word_1_320' title='bbox 126 2500 147 2521; x_wconf 82' lang='lat' dir='ltr'>a</span> <span class='ocrx_word' id='word_1_321' title='bbox 169 2492 344 2524; x_wconf 82' lang='lat' dir='ltr'>triumviris</span> <span class='ocrx_word' id='word_1_322' title='bbox 367 2495 507 2523; x_wconf 77' lang='lat' dir='ltr'>exeunte</span> <span class='ocrx_word' id='word_1_323' title='bbox 529 2501 612 2522; x_wconf 90' lang='lat' dir='ltr'>anno</span> <span class='ocrx_word' id='word_1_324' title='bbox 636 2501 668 2522; x_wconf 88' lang='lat' dir='ltr'>u.</span> <span class='ocrx_word' id='word_1_325' title='bbox 694 2501 721 2522; x_wconf 90' lang='lat' dir='ltr'>c.</span> <span class='ocrx_word' id='word_1_326' title='bbox 746 2490 821 2522; x_wconf 81' lang='lat'>711.</span> <span class='ocrx_word' id='word_1_327' title='bbox 844 2491 1110 2530; x_wconf 82' lang='lat' dir='ltr'>assignabantur,</span> <span class='ocrx_word' id='word_1_328' title='bbox 1144 2496 1179 2522; x_wconf 89' lang='lat' dir='ltr'>ut</span> <span class='ocrx_word' id='word_1_329' title='bbox 1211 2493 1331 2523; x_wconf 85' lang='lat' dir='ltr'>diserte</span> <span class='ocrx_word' id='word_1_330' title='bbox 1354 2494 1458 2522; x_wconf 89' lang='lat' dir='ltr'>testa-</span> 
     </span>
     <span class='ocr_line' id='line_1_40' title="bbox 126 2535 1456 2576; baseline 0.001 -11"><span class='ocrx_word' id='word_1_331' title='bbox 126 2537 180 2565; x_wconf 89' lang='lat' dir='ltr'>tur</span> <span class='ocrx_word' id='word_1_332' title='bbox 216 2535 350 2576; x_wconf 86' lang='lat' dir='ltr'>Appian.</span> <span class='ocrx_word' id='word_1_333' title='bbox 382 2537 456 2568; x_wconf 89' lang='lat' dir='ltr'>bell.</span> <span class='ocrx_word' id='word_1_334' title='bbox 489 2537 550 2567; x_wconf 77' lang='lat' dir='ltr'>civ.</span> <span class='ocrx_word' id='word_1_335' title='bbox 582 2537 622 2573; x_wconf 86' lang='lat'>4,</span> <span class='ocrx_word' id='word_1_336' title='bbox 655 2537 687 2568; x_wconf 85' lang='lat'>3.</span> <span class='ocrx_word' id='word_1_337' title='bbox 741 2535 790 2565; x_wconf 89' lang='lat' dir='ltr'>Cf.</span> <span class='ocrx_word' id='word_1_338' title='bbox 833 2536 886 2575; x_wconf 87' lang='lat' dir='ltr'>qui</span> <span class='ocrx_word' id='word_1_339' title='bbox 923 2536 1007 2567; x_wconf 86' lang='lat' dir='ltr'>idem</span> <span class='ocrx_word' id='word_1_340' title='bbox 1045 2539 1229 2567; x_wconf 85' lang='lat' dir='ltr'>statuerunt</span> <span class='ocrx_word' id='word_1_341' title='bbox 1267 2536 1456 2573; x_wconf 87' lang='lat' dir='ltr'>Ommercn.‚</span> 
     </span>
     <span class='ocr_line' id='line_1_41' title="bbox 127 2578 1411 2623; baseline 0.001 -13"><span class='ocrx_word' id='word_1_342' title='bbox 127 2578 294 2611; x_wconf 85' lang='lat' dir='ltr'>Kirchner.</span> <span class='ocrx_word' id='word_1_343' title='bbox 317 2584 441 2621; x_wconf 84' lang='lat' dir='ltr'>quaest.</span> <span class='ocrx_word' id='word_1_344' title='bbox 464 2591 496 2622; x_wconf 89' lang='lat' dir='ltr'>p.</span> <span class='ocrx_word' id='word_1_345' title='bbox 520 2581 574 2614; x_wconf 83' lang='lat'>60.</span> <span class='ocrx_word' id='word_1_346' title='bbox 598 2580 629 2621; x_wconf 63' lang='grc' dir='ltr'>ξ.</span> <span class='ocrx_word' id='word_1_347' title='bbox 654 2581 726 2619; x_wconf 63' lang='lat'>18„</span> <span class='ocrx_word' id='word_1_348' title='bbox 751 2580 888 2611; x_wconf 86' lang='lat' dir='ltr'>Passov.</span> <span class='ocrx_word' id='word_1_349' title='bbox 913 2581 972 2611; x_wconf 76' lang='lat' dir='ltr'>vit.</span> <span class='ocrx_word' id='word_1_350' title='bbox 994 2591 1025 2623; x_wconf 91' lang='lat' dir='ltr'>p.</span> <span class='ocrx_word' id='word_1_351' title='bbox 1051 2581 1219 2612; x_wconf 78' lang='lat' dir='ltr'>XXXVII.</span> <span class='ocrx_word' id='word_1_352' title='bbox 1243 2583 1310 2612; x_wconf 87' lang='lat' dir='ltr'>not.</span> <span class='ocrx_word' id='word_1_353' title='bbox 1334 2581 1411 2612; x_wconf 80' lang='lat'>102.</span> 
     </span>
    </p>

    <p class='ocr_par' dir='ltr' id='par_1_8' title="bbox 1189 2636 1213 2659">
     <span class='ocr_line' id='line_1_42' title="bbox 1189 2636 1213 2659; baseline 0 -8"><span class='ocrx_word' id='word_1_354' title='bbox 1189 2636 1213 2659; x_wconf 78' lang='lat'>6)</span> 
     </span>
    </p>
   </div>
   <div class='ocr_carea' id='block_1_4' title="bbox 1191 2660 1213 2671">
    <p class='ocr_par' dir='ltr' id='par_1_9' title="bbox 1191 2660 1213 2671">
     <span class='ocr_line' id='line_1_43' title="bbox 1191 2660 1213 2671; baseline 0 0"><span class='ocrx_word' id='word_1_355' title='bbox 1191 2660 1213 2671; x_wconf 58' lang='lat' dir='ltr'>*a</span> 
     </span>
    </p>
   </div>
  </div>
 </body>
</html>
