1679 2948
654 171 928 237 477*-

131 307 233 343 Suet.
261 306 328 343 vit.
359 306 461 355 apud
496 306 619 343 Richt.
659 317 694 355 p.
732 307 780 342 62
818 317 870 355 sq.
916 307 953 342 et
994 303 1189 342 Kirclmer.
1235 304 1273 341 in
1313 307 1459 353 quaest.

129 366 164 417 ξ.
193 368 254 405 68.
282 368 341 405 69.
370 390 419 397 -

230 430 290 466 De
318 433 458 480 aetate,
487 442 563 479 qua
593 434 691 469 artis
712 433 893 479 poeticae
919 431 1028 481 liber,
1057 433 1099 468 ut
1120 431 1200 478 jam
1220 428 1323 478 apud
1342 428 1462 472 Quin-¹

131 491 185 528 til.
214 491 304 527 inst.
332 503 388 529 or.
415 492 452 542 8,
480 494 514 530 3.
544 496 581 530 et
608 493 877 539 grammaticos
904 493 1024 543 audit,
1054 492 1288 542 compositus
1318 491 1380 542 sit⁷
1409 491 1462 527 nil

130 553 245 600 plane
272 555 448 590 constare
477 554 643 601 ingenue
671 555 867 591 fatendum
895 558 965 591 est.
1008 555 1084 591 Alii
1113 555 1295 591 extremis
1323 556 1462 602 poetae

130 615 241 651 annis
269 626 357 652 eum
383 616 619 666 adscribunt,
648 617 714 653 alii
742 617 885 663 vigenti
914 617 1044 653 aetati.
1096 618 1244 654 Neutra
1272 617 1463 652 sententia

130 677 345 714 confirmari
374 680 501 725 potest
528 679 643 714 certis
671 678 896 715 rationibus.
926 677 1135 714 Posteriori
1163 680 1291 714 tamen
1310 679 1462 726 propte-

129 750 197 775 rea
223 738 345 784 magis
373 740 497 788 faveo,
526 739 629 786 quod
657 740 841 775 Horatius
863 740 945 785 jam
972 742 1123 776 matura
1150 741 1277 775 aetate
1297 739 1343 775 ‹le
1363 749 1463 776 com-

129 800 322 847 positione
349 800 479 847 operis
507 801 620 848 quale
647 800 719 836 hoc
747 803 806 836 est
835 801 1025 847 cogitasse
1061 801 1223 838 videtur.
1280 800 1335 837 Ita
1363 800 1466 837 enim

131 861 286 909 scripsit
312 861 353 897 in
380 861 458 897 Sat.
490 861 523 911 l,
553 862 587 897 4.
616 861 699 899 63.:

330 924 527 960 Hactenus
555 923 669 961 haec:
699 926 804 962 alias
825 925 974 971 justum
1002 924 1054 961 sit
1079 934 1201 961 necne
1228 934 1390 973 pocma3

329 986 440 1022 Nunc
468 985 562 1022 illud
589 988 738 1023 tantum
765 998 948 1035 quaeram
976 989 1071 1024 caet.

129 1047 271 1083 Errant
298 1047 363 1095 qui
390 1049 514 1083 artem
541 1048 733 1096 poeticam
768 1049 818 1086 ad
854 1048 1109 1097 posteriorem
1145 1048 1395 1096 epistolarum
1423 1047 1465 1084 li-

129 1109 241 1145 brum
267 1110 451 1146 referunt.
503 1110 602 1147 Nam
630 1113 672 1147 ut
698 1111 908 1160 separatim
935 1121 1020 1147 eam
1047 1113 1086 1146 et
1113 1109 1267 1146 diverso
1294 1113 1468 1157 tempore

128 1170 311 1218 scriptam
327 1170 546 1219 vastamque
573 1175 700 1222 putes,
728 1184 815 1210 cum
842 1172 1094 1216 Quinctiliani
1121 1171 1330 1208 auctoritas
1358 1181 1468 1219 sepa-

80 1269 84 1271 *
128 1232 243 1268 ratim
278 1243 364 1269 eam
391 1233 585 1269 laudantis
613 1235 804 1284 postulat⁷
840 1237 922 1270 tum
950 1233 1124 1279 sejuncta
1151 1232 1402 1281 epistolarum
1429 1235 1469 1268 et

130 1293 224 1330 artis
251 1294 428 1342 poeticae
454 1294 495 1331 in
522 1295 632 1332 codd.
662 1296 788 1345 sedes⁷
816 1307 915 1345 quae
935 1295 1018 1341 jam
1045 1294 1346 1332 Scholiastarum
1373 1296 1468 1330 tem-

130 1366 224 1404 pore
260 1355 439 1393 obtinuit.
492 1357 581 1394 Non
615 1358 718 1394 enim
753 1360 898 1394 teme-rc
935 1357 1136 1404 collegeris
1171 1367 1221 1392 ex
1255 1356 1335 1406 eis,
1370 1367 1469 1404 quae

131 1419 367 1454 annotarunt
394 1417 444 1454 ad
480 1419 593 1466 epist.
623 1419 667 1468 2,
703 1419 738 1455 2.
767 1419 852 1456 215.
890 1416 1082 1472 (Tempus
1109 1418 1217 1455 abire
1246 1417 1317 1454 tibi
1353 1416 1468 1470 est.):

124 1481 257 1529 „mire
294 1481 338 1516 in
377 1478 462 1526 sine
504 1483 637 1528 operis
673 1480 720 1516 dc
755 1481 829 1517 tine
866 1480 1040 1528 disputat
1076 1478 1230 1529 vitac‚“
1285 1479 1469 1528 epistolas

130 1541 171 1576 in
212 1551 345 1577 eorum
385 1541 672 1589 exemplaribus
713 1544 952 1589 postremum
992 1542 1118 1578 locum
1170 1540 1366 1577 habuisse.
1421 1562 1470 1568 —

130 1602 331 1639 Kirchner.
368 1602 409 1638 in
436 1605 584 1651 quaest.
626 1601 662 1653 ξ.
701 1603 760 1639 71.
798 1603 1010 1639 secundum
1045 1602 1296 1651 epistolarum
1329 1601 1471 1638 librum

130 1674 208 1701 una
233 1675 321 1701 cum
347 1666 430 1701 arte
457 1664 612 1713 poetica
638 1664 850 1713 separatim
885 1665 1061 1702 exhibita
1095 1665 1184 1712 post
1219 1664 1368 1701 obitum
1404 1663 1469 1700 dc-

130 1737 236 1762 mum
261 1728 402 1774 poetae
431 1726 669 1773 divulgatum
696 1737 782 1763 esse
810 1726 996 1776 conjecit,
1032 1726 1073 1762 id
1101 1725 1204 1774 quod
1229 1736 1302 1763 nec
1328 1735 1471 1772 negare

130 1799 202 1824 nec
228 1788 418 1825 affirmare
444 1789 581 1827 ausim.

232 1849 434 1894 Quartum
460 1851 692 1888 carminum
716 1852 907 1889 volumen
941 1849 1126 1887 Horatius
1162 1848 1329 1895 Augusti
1358 1847 1471 1894 jussu

131 1911 327 1960 prioribus
355 1910 510 1961 adjecit,
538 1913 581 1947 ut
607 1911 872 1960 privignorum
899 1911 983 1958 ejus
1005 1910 1186 1948 victorias
1205 1910 1352 1947 Tiberii
1369 1911 1471 1947 Dru-

133 1974 243 2021 sique
272 1972 508 2022 celebraret,
551 1975 651 2010 teste
685 1974 847 2011 Sueton.
886 1973 954 2010 vit.
995 1974 1088 2010 Hor.
1116 1971 1154 2023 ξ.
1184 1972 1243 2009 10.
1296 1971 1472 2009 Eandem

131 2045 215 2071 rem
240 2036 401 2071 narrant
427 2034 551 2072 Schol.
580 2034 717 2073 Acron
743 2034 793 2071 ad
819 2034 882 2071 od.
911 2036 947 2085 4,
977 2034 1033 2071 1.:
1087 2035 1314 2084 „Statuerat
1348 2034 1471 2070 Hora-

132 2096 209 2134 tius
236 2107 359 2144 usque
387 2096 437 2133 ad
464 2096 622 2133 tertium
647 2096 789 2134 librum
816 2097 1008 2145 complere
1036 2107 1134 2144 opus
1163 2107 1295 2145 suum,
1331 2095 1472 2144 quibus

133 2158 250 2195 editis
276 2158 446 2195 maximo
473 2158 678 2195 intervallo
705 2158 808 2195 hunc
842 2160 1021 2206 quartum
1061 2157 1231 2195 scribere
1271 2159 1331 2194 est
1370 2168 1472 2194 com-

133 2220 267 2268 pulsus
294 2219 343 2257 ab
369 2221 548 2267 Augusto
582 2220 623 2256 in
656 2219 811 2256 laudem
845 2220 1014 2268 privigni
1049 2219 1109 2256 sui
1135 2219 1254 2256 Drusi
1289 2219 1470 2268 Neronis,

134 2282 201 2330 qui
228 2282 351 2319 victor
379 2282 426 2318 de
454 2282 588 2318 Raetis
616 2284 656 2317 et
682 2282 894 2319 Vindelicis
929 2283 1055 2318 fuerat
1088 2279 1312 2331 reversus‚“
1340 2281 1469 2318 Schol.

135 2344 388 2393 Porphyrion
414 2344 529 2380 ibid.:
559 2344 680 2392 „Post
707 2346 991 2380 consunnnatos
1007 2345 1210 2392 editosque
1227 2345 1306 2379 tres
1334 2342 1471 2379 carmi-

135 2414 226 2442 num
251 2405 370 2442 libros
397 2405 567 2442 maximo
593 2405 796 2441 intervallo
823 2405 924 2441 hunc
946 2404 1087 2441 librum
1101 2406 1281 2452 quartum
1300 2405 1470 2441 scribere

136 2467 354 2515 compulsus
376 2478 463 2504 esse
479 2466 620 2503 (licitur
647 2466 695 2503 ab
711 2467 909 2515 Augusto,
938 2468 980 2502 ut
1005 2466 1153 2503 Neroni
1180 2466 1263 2513 ejus
1291 2465 1469 2513 privigno

135 2526 336 2566 victoriam
396 2529 443 2565 de
501 2527 638 2565 Rhetis
694 2528 906 2565 Vindelicis
970 2528 1187 2576 quaesitam
1242 2527 1467 2576 illustraret,

138 2591 237 2635 quae
262 2588 335 2626 hoc
360 2590 459 2627 libro
487 2588 748 2627 continetur,‘'‘
776 2592 816 2626 et
843 2590 967 2626 Schol.
1002 2591 1118 2638 Cruq.
1146 2588 1261 2626 ibid.:
1290 2588 1470 2639 „Statue-
