1643 2959
659 192 932 236 —173—

138 305 266 353 colligi
290 306 431 355 potest,
458 305 500 343 id
527 314 615 342 eum
642 304 833 342 debellato
861 304 1013 341 demum
1037 303 1090 341 M.
1115 305 1287 342 Antonio
1313 306 1463 346 fecisse.

136 367 305 404 Primum
331 367 453 417 enim,
489 377 719 415 quamquam
742 366 883 403 librum
917 377 940 402 a
967 365 1151 402 societate
1185 365 1359 414 Pompeji
1392 368 1460 417 M.,

133 428 229 465 Julii
256 428 431 465 Caesaris
458 430 497 464 et
525 428 653 465 Crassi
679 439 712 465 a.
739 428 824 464 694.
851 427 949 464 inita
973 428 1156 474 tanquam
1182 438 1205 464 a
1230 427 1354 476 primo
1379 427 1460 465 bel-

133 489 258 525 lorum
283 489 452 526 civilium
484 490 590 526 fonte
629 488 872 537 ordiebatur,
914 499 1002 525 eum
1039 490 1169 524 tamen
1206 488 1461 536 improbabile

135 552 194 587 est
221 561 267 586 eo
292 552 480 599 tempore,
507 560 584 598 quo
611 550 815 596 gliscentes
841 550 942 585 inter
968 549 1222 586 Octavianum
1248 552 1287 586 et
1312 550 1365 588 M.
1381 550 1461 586 An-

135 611 283 648 tonium
317 611 533 648 discordiae
567 611 725 658 igniculi
759 610 978 659 proximum
1018 610 1161 647 bellum
1204 612 1309 648 certo
1351 611 1462 658 quasi

133 672 431 722 portenderent,
468 683 543 719 quo
569 672 805 720 reipublicae
833 672 936 708 salus
964 671 1076 720 plane
1111 672 1152 708 in
1187 683 1375 720 suspenso
1402 683 1461 708 es-

133 736 213 783 set,
248 744 325 781 quo
360 733 408 769 de
434 743 563 768 rerum
589 735 783 778 gestarum
818 733 967 768 eventis
1000 732 1171 769 nondum
1204 735 1337 781 posset
1369 744 1461 768 vere

133 796 172 829 et
196 796 301 831 recte
323 793 491 839 judicari
515 813 567 821 —-
593 793 642 828 ad
669 792 963 828 describendam
990 804 1081 829 suae
1100 794 1238 830 aetatis
1255 793 1460 830 historiam

132 865 216 891 sese
242 854 468 891 accinxisse.
519 852 671 890 Deinde
697 852 739 888 in
765 854 894 900 partes
921 853 1085 889 vocandi
1112 856 1202 890 sunt
1225 864 1261 891 v.
1287 853 1435 890 6-8,:

328 914 572 952 Periculosae
599 914 755 961 plenum
781 924 878 961 opus
906 913 1014 950 aleae

396 977 570 1024 Tractas,
598 976 637 1010 et
661 974 809 1011 incedis
834 985 904 1021 per
929 974 1039 1020 ignes

447 1035 676 1084 Suppositos
704 1035 824 1072 cineri
851 1035 994 1072 doloso.

129 1099 229 1137 Nam
255 1099 289 1135 si
313 1098 577 1147 reputaveris,
605 1097 815 1135 Pollionem
843 1108 994 1147 semper
1019 1097 1191 1135 Antonio
1226 1097 1460 1145 conjunctio-

128 1172 212 1197 rem
237 1160 370 1209 fuisse,
398 1159 525 1196 minus
552 1161 681 1197 autem
707 1159 847 1197 favisse
866 1159 1094 1209 Octaviano,
1122 1160 1233 1197 facile
1251 1158 1460 1210 intelliges,

129 1232 206 1269 quo
232 1221 477 1269 potissimum
503 1224 676 1269 tempore
703 1233 801 1270 opus
827 1221 921 1258 illud
946 1221 1173 1257 historicum
1195 1222 1361 1268 plenum
1383 1232 1462 1268 pe-

127 1285 331 1320 riculosae
366 1284 482 1320 aleae
516 1282 592 1319 dici
634 1283 814 1330 potuerit.
875 1281 1068 1325 Quamdiu
1102 1282 1155 1318 M.
1189 1281 1384 1318 Antonius
1419 1282 1462 1318 in

127 1344 228 1380 vivis
255 1345 339 1380 erat
365 1344 405 1379 et
431 1343 628 1380 dimidiam
653 1345 733 1380 fere
762 1354 932 1380 summae
967 1343 1171 1390 potestatis
1206 1345 1357 1390 partem
1392 1342 1460 1379 ha-

127 1405 266 1454 bebat,
294 1405 406 1453 plane
432 1415 511 1442 non
537 1406 620 1441 erat
646 1416 714 1442 cur
739 1405 860 1442 Pollio
888 1396 1143 1441 Octavianum
1168 1403 1324 1440 timeret
1350 1405 1389 1442 et
1414 1404 1459 1439 li-

128 1466 221 1503 bere
248 1477 311 1502 res
352 1468 481 1513 gestas
522 1476 700 1502 enarrare
736 1466 1018 1502 subvereretur.
1068 1466 1122 1502 At
1158 1476 1244 1502 cum
1279 1465 1459 1501 Octavia-

126 1539 200 1564 nus
228 1528 332 1564 solus
366 1538 496 1563 rerum
538 1527 685 1574 potitus
731 1529 770 1563 et
810 1527 932 1564 Pollio
974 1526 1256 1574 quodammodo
1299 1525 1458 1562 victoris

127 1589 272 1637 praeda
297 1590 422 1625 factus
458 1590 584 1637 esset,
620 1588 781 1624 arduum
807 1590 981 1636 profecto
1015 1591 1055 1625 et
1080 1588 1340 1635 periculosum
1366 1586 1459 1623 scri-

126 1650 245 1687 bendi
270 1661 410 1686 munus
437 1649 577 1699 subiit,
614 1649 647 1685 si
675 1661 832 1686 severus
858 1661 988 1686 rerum
1014 1651 1208 1695 gestarum
1237 1648 1361 1695 judex
1386 1658 1459 1684 nec

126 1711 295 1759 partium
330 1710 458 1747 studio
491 1721 564 1747 nec
596 1710 751 1759 ineptae
785 1711 1041 1748 assentationi
1084 1709 1236 1746 deditus
1279 1710 1459 1755 coeptum

127 1783 224 1820 opus
269 1773 511 1809 confecturus
555 1774 648 1808 erat.
702 1772 881 1820 Denique
922 1771 1025 1820 quod
1058 1771 1100 1807 in
1133 1782 1190 1807 vs.
1227 1770 1261 1806 5.
1295 1769 1457 1815 legitur:

119 1843 272 1884 „arma
305 1837 488 1871 nondum
521 1835 698 1881 eat-piatis
723 1839 848 1871 uncta
874 1833 1117 1871 cruoribus„
1143 1827 1213 1881 (cf.
1239 1829 1458 1867 Therbeck.

126 1906 164 1942 p.
192 1894 263 1931 114
292 1891 372 1946 sq.)
398 1895 439 1931 id
466 1895 583 1931 scribi
609 1905 687 1930 non
713 1896 866 1942 poterat
898 1894 974 1930 nisi
1008 1895 1098 1941 post
1133 1902 1301 1940 pugnam
1326 1891 1458 1928 Actia-

127 1967 221 1993 cam.
253 1956 330 1999 Qui
357 1956 459 1993 enim
485 1955 668 1992 Horatius
694 1955 804 1992 brevi
831 1957 922 1992 ante
949 1965 1034 1991 eam
1061 1954 1108 1991 de
1136 1953 1334 1991 cruoribus
1360 1963 1457 1989 non-

125 2018 218 2054 dum
245 2017 411 2065 expiatis
440 2017 551 2066 quasi
579 2016 717 2065 sopitis
744 2016 855 2053 bellis
882 2017 1033 2053 locutus
1069 2016 1206 2065 fuerit,
1243 2026 1330 2051 cum
1355 2014 1458 2050 inter

126 2078 381 2115 Octavianum
408 2082 448 2115 et
473 2079 686 2129 Antonium
720 2078 776 2114 ita
800 2078 1114 2125 ingravescerent
1139 2076 1387 2124 inimicitiae,
1413 2076 1458 2111 ut

126 2140 248 2177 serius
275 2140 382 2176 ocius
408 2141 552 2177 bellum
587 2142 810 2188 erupturum
845 2151 931 2176 esse
965 2139 1161 2176 neminem
1198 2139 1457 2174 Romanorum

124 2203 257 2250 posset
308 2199 550 2249 praeterire‘ss
618 2202 747 2250 Atque
799 2202 832 2238 si
881 2213 981 2238 vers.
1031 2201 1080 2237 29
1132 2210 1187 2247 sq.
1238 2198 1455 2246 respexeris

118 2263 249 2312 „Quis
281 2274 365 2300 non
397 2263 546 2300 Latino
588 2266 791 2312 sanquine
828 2264 1059 2312 pinquiorv,
1102 2261 1239 2298 eadem
1280 2271 1347 2297 eos
1374 2260 1456 2296 ani-

124 2324 178 2360 mi
211 2324 414 2361 affectione
442 2336 466 2360 a
491 2327 607 2372 poeta
642 2325 805 2373 scriptos
841 2336 926 2361 esse
963 2324 1129 2374 senties,
1165 2334 1241 2371 qua
1277 2322 1324 2358 de
1359 2321 1455 2357 mul-

126 2383 251 2435 tiplici'
289 2385 478 2423 bellorum
521 2386 690 2423 civilium
740 2386 897 2422 miseria
946 2387 1062 2434 paulo
1113 2384 1236 2422 serius
1288 2393 1454 2429 conque-

126 2444 226 2482 ritur
281 2447 343 2485 od.
405 2448 448 2498 l,
501 2448 560 2485 35.
607 2448 667 2484 29.
717 2449 757 2484 et
803 2447 874 2497 353
927 2449 967 2484 et
1013 2459 1089 2496 qua
1135 2446 1237 2483 circa
1284 2456 1317 2480 a.
1366 2442 1451 2479 725.

128 2505 283 2547 sceleris
325 2508 508 2558 expiandi
548 2512 680 2557 partes
720 2508 857 2545 tribuit
901 2509 1113 2546 Octaviano
1155 2509 1198 2544 in
1239 2505 1298 2542 od.
1336 2505 1379 2554 l,
1415 2504 1450 2541 2.

126 2566 175 2603 29
202 2578 257 2616 sq.
307 2569 352 2606 Id
383 2571 511 2619 ipsum
545 2574 698 2622 autem,
734 2571 836 2619 quod
872 2571 1019 2608 scelera
1054 2571 1095 2608 in
1126 2568 1237 2607 bellis
1273 2566 1450 2604 civilibus
