1679 2948
686 177 962 221 „91ss

156 287 358 339 illuderet,
387 299 521 327 eorum
547 291 756 328 clamorem
783 291 823 327 et
848 287 1138 327 criminationes
1164 286 1337 325 nondum
1363 290 1495 326 confu-

155 353 308 389 taverat
335 352 429 389 satis
458 352 576 390 satira
601 353 728 390 tertia.
781 352 828 389 In
845 362 922 401 qua
939 359 1172 400 quamquam
1193 349 1242 387 de
1259 361 1354 387 vera
1379 351 1497 388 aesti-

154 412 288 450 mandi
320 413 602 463 judicandique
639 415 813 464 ratione,
862 424 939 462 qua
977 412 1163 449 homines
1193 412 1253 449 uti
1292 412 1497 463 deberent,

155 478 391 524 exposuerat
425 487 545 525 seque
579 476 622 513 in
656 486 723 513 eos
749 477 922 525 tantum,
958 474 1026 523 qui
1051 475 1190 511 notatu
1217 473 1325 521 digni
1351 476 1496 524 essent,

155 536 288 573 invehi
315 539 515 575 confessus
543 539 627 575 erat
652 538 841 585 ingenue:
867 536 951 573 fieri
977 539 1109 573 tamen
1125 547 1204 574 non
1222 538 1378 585 poterat
1402 536 1499 585 quin

153 597 319 636 lectores
353 600 484 648 lepida
520 600 663 637 satirae
696 600 828 636 indole
862 598 1132 646 immixtisque
1169 598 1314 636 salibus
1348 597 1499 635 inducti

87 676 105 678 ,⁷
154 660 275 697 animi
303 661 532 711 candorem,
568 673 684 710 quem
720 661 797 698 sibi
823 660 1014 698 tribueret
1040 660 1248 710 Horatius,
1276 660 1500 697 simulatum

153 722 284 770 potius
313 733 429 770 quam
446 733 583 759 verum
601 721 805 759 crederent
823 733 920 758 esse.
976 721 1082 765 Quin
1107 721 1341 758 exstiterunt
1368 722 1499 772 etiam,

154 783 221 831 qui
254 783 361 820 laudi
397 783 480 829 ejus
514 783 693 831 poeticae
737 782 1001 819 obtrectantes
1037 782 1252 832 Lucilium,
1287 785 1499 820 renovatae

152 844 284 892 poesis
311 843 572 895 conditorem,
609 844 724 891 longe
751 844 994 892 praeferrent
1020 854 1065 880 ac
1090 844 1285 892 potiorem
1313 843 1496 882 dicerent.

151 905 386 953 Hujusmodi
414 906 574 953 judiciis
609 905 767 953 injustis
804 915 897 942 sane
926 907 966 941 et
991 905 1136 954 ineptis
1164 907 1379 943 commotus
1407 906 1501 943 scri-

152 967 232 1016 psit
265 968 451 1005 Horatius
488 969 649 1005 satiram
684 968 742 1017 4.,
787 967 828 1004 in
862 977 939 1015 qua
973 977 1053 1004 non
1087 969 1130 1003 ut
1168 968 1211 1004 in
1248 967 1500 1016 praecedenti

150 1030 321 1076 ingenua
347 1029 526 1067 candoris
554 1030 615 1066 sui
641 1029 883 1067 confessione
910 1029 1050 1077 poesin
1077 1040 1188 1066 suam
1215 1029 1402 1079 defendit,
1431 1029 1501 1066 sed

151 1090 229 1142 ita,
264 1093 308 1128 ut
341 1093 425 1128 tum
460 1091 508 1128 de
544 1091 671 1140 pretio
706 1091 930 1128 Lucilianae
966 1091 1098 1138 poesis
1139 1090 1375 1140 dissereret,
1416 1093 1500 1128 tum

149 1162 283 1189 veram
298 1164 403 1191 suae
417 1155 550 1202 poesis
568 1153 739 1190 indolem
766 1155 805 1190 et
831 1154 1011 1188 naturam
1038 1163 1088 1189 ex
1113 1153 1242 1200 prisca
1261 1153 1500 1189 Graecorum

151 1214 352 1251 comoedia
378 1217 418 1251 et
444 1215 585 1252 Lucilii
612 1214 803 1263 poematis
824 1215 1099 1260 conformatae,
1127 1224 1317 1261 suumque
1335 1213 1378 1249 in
1404 1215 1499 1251 scri-

151 1275 280 1312 bendo
316 1277 521 1313 consilium
560 1279 600 1312 et
641 1286 790 1313 morem
827 1275 1013 1312 Romanis
1054 1275 1104 1312 ob
1144 1275 1276 1313 oculos
1320 1278 1496 1324 poneret.

151 1336 212 1374 Ita
237 1337 358 1384 igitur
383 1339 562 1386 graviore
588 1338 802 1375 insidiosae
829 1337 1125 1374 malevolentiae
1152 1339 1192 1374 et
1217 1338 1500 1385 objurgationis

151 1398 274 1436 veluti
299 1400 474 1437 remedio
508 1399 685 1437 adhibito
720 1400 1002 1437 obtrectatores
1030 1411 1121 1436 suos
1147 1400 1324 1437 refellere
1353 1402 1393 1436 et
1418 1411 1499 1438 non

151 1461 233 1497 tam
259 1461 400 1497 erroris
427 1473 545 1510 quam
571 1461 835 1498 clandestinae
863 1461 1035 1498 invidiae
1062 1472 1274 1507 coarguere
1302 1461 1464 1499 studuit.

251 1522 406 1560 Nollem
440 1522 561 1568 igitur
593 1522 806 1559 XVeichert.
844 1519 979 1574 (poet.
1014 1523 1083 1559 rel.
1112 1534 1150 1571 p.
1179 1523 1266 1559 202.
1294 1522 1380 1559 294.
1408 1524 1495 1561 300.

152 1583 239 1620 453.
276 1585 316 1620 et
350 1583 399 1620 de
433 1584 524 1621 Var.
561 1585 600 1620 et
638 1584 745 1621 Cass.
782 1593 820 1631 p.
850 1579 942 1637 44.)
978 1586 1134 1620 secutus
1162 1583 1377 1632 Spohnium
1403 1581 1495 1635 (ed.

150 1645 264 1683 Jahn.
292 1656 331 1694 p.
359 1644 477 1698 254.)
509 1645 696 1694 temporis
723 1645 899 1682 ordinem
926 1645 1067 1681 tertiae
1096 1647 1135 1682 et
1163 1647 1323 1694 quartae
1352 1647 1496 1684 satirae

151 1706 208 1744 ita
245 1707 493 1757 invertisset,
533 1709 577 1744 ut
611 1707 712 1744 lianc
752 1707 819 1744 illa
854 1707 1026 1756 priorem
1061 1707 1226 1744 haberet
1253 1710 1292 1744 et
1319 1711 1496 1756 quartam

151 1768 311 1817 quidem
336 1780 408 1818 per
429 1771 619 1806 aestatem
646 1769 737 1805 anni
764 1769 878 1818 715.,
914 1769 1072 1806 tertiam
1090 1769 1250 1806 ineunte
1279 1780 1380 1806 anno
1408 1770 1494 1807 716.

151 1830 336 1879 scriptam
363 1841 450 1867 esse
478 1831 742 1880 existimaret3
780 1840 986 1878 perperam
1013 1831 1281 1867 consentiente
1308 1830 1496 1869 Passovio

150 1892 193 1929 in
216 1891 285 1931 vit.
312 1893 382 1928 not
409 1891 493 1928 166.
550 1892 621 1929 Cui
642 1891 791 1937 judicio
819 1894 863 1928 ut
889 1892 946 1928 nil
971 1892 1087 1940 plane
1114 1893 1240 1941 favet,
1267 1891 1325 1929 ita
1350 1892 1494 1943 obstat,

150 1952 257 2002 quod
281 1953 486 1990 Horatium
515 1952 598 2000 jam
631 1953 744 2002 plura
779 1953 1045 2002 composuisse
1079 1953 1274 2004 oportuit,
1311 1962 1400 1992 cum
1434 1950 1495 1992 sa-

153 2015 269 2052 tiram
295 2016 330 2053 4.
361 2015 570 2065 scriberet,
597 2017 698 2052 teste
724 2027 761 2052 v.
788 2016 872 2053 23.:

355 2078 452 2115 Cum
485 2087 579 2115 mea
611 2087 727 2114 nemo
761 2079 913 2126 scripta
945 2078 1050 2124 legat
1086 2077 1203 2124 vulgo
1244 2078 1411 2117 recitare
1445 2081 1494 2118 ti-

687 2139 830 2176 mentis
857 2138 907 2176 ob
934 2138 1034 2176 hane
1060 2149 1166 2189 rem3

153 2202 192 2238 et
216 2212 254 2237 v.
286 2199 368 2238 71.:

350 2262 468 2301 Nulla
493 2262 656 2300 taberna
680 2273 792 2302 meos
816 2261 960 2301 habeat
985 2273 1112 2311 neque
1139 2262 1220 2311 pila
1245 2264 1410 2304 libellos.

152 2324 216 2362 Ex
238 2324 454 2362 Weicherti
487 2335 581 2361 vero
618 2325 841 2372 conjectura
874 2326 1031 2373 praeter
1057 2325 1262 2373 septimam
1288 2328 1329 2363 et
1355 2338 1492 2364 secun-

154 2385 243 2423 dam
266 2387 354 2424 libr.
380 2386 411 2423 I.
439 2385 583 2422 nullam
609 2387 765 2423 fecerat.
818 2386 983 2423 Etiamsi
1008 2386 1128 2433 igitur
1152 2387 1274 2425 nolim
1298 2399 1490 2439 premere,

155 2446 358 2485 Horatium
390 2447 536 2495 majore
563 2446 652 2494 jure
688 2447 736 2484 de
773 2447 929 2496 scriptis
964 2448 1044 2485 suis
1078 2448 1185 2498 loqui
1224 2449 1420 2500 potuisse,
1456 2451 1489 2488 si

157 2509 247 2545 ante
281 2509 317 2546 4.
347 2509 429 2556 J‘am
462 2509 499 2546 2.
536 2511 577 2546 et
609 2509 646 2547 3.
681 2509 900 2558 composuit
931 2531 983 2540 —-
1024 2522 1115 2548 nam
1147 2511 1488 2560 persuasissimum

156 2566 265 2607 mihi
287 2571 367 2620 est,
400 2571 593 2619 permulta
623 2571 812 2610 Venusini
847 2572 949 2610 vatis
983 2575 1163 2622 poemata
1195 2572 1343 2611 Romae
1375 2572 1487 2612 inno-
