1679 2948
716 213 991 254 -43-

198 322 412 361 dubitatum
436 321 709 373 pronuntiavi(
733 322 782 358 de
808 323 895 359 Var.
933 324 972 357 et
1007 323 1112 359 Cass.
1149 335 1186 371 p.
1224 325 1332 377 210.‚
1370 327 1515 366 editam

195 387 326 422 tamen
352 397 436 422 esse
464 385 635 431 syllogen
668 393 754 419 ann.
783 382 867 417 729.
897 382 1031 417 statuit
1055 382 1097 418 in
1122 387 1224 430 poet.
1250 388 1318 424 rel.
1354 399 1392 436 p.
1428 390 1514 426 454.

195 448 275 483 not.
302 447 378 496 42„
404 456 482 482 non
508 443 640 481 addito
667 445 903 496 argumento.
932 443 1137 480 Passovius
1164 445 1205 480 in
1228 446 1296 483 vit.
1322 450 1400 485 not.
1430 449 1513 487 183.

194 506 315 545 libelli
340 507 549 543 editionem
574 503 624 540 ad
650 514 738 540 anns
764 504 800 540 u'.
829 516 860 541 c.
880 504 964 542 727.
995 504 1156 555 distulit,
1185 507 1224 542 et
1249 507 1446 546 Kirchner.
1473 510 1516 546 in

194 569 341 615 quaest.
368 579 407 614 p.
422 567 482 603 38.
510 564 546 616 ξ.
574 565 634 602 66.
663 567 873 602 extremam
898 565 988 602 libri
1014 565 1043 601 I.
1072 566 1273 614 epistolam
1299 568 1516 607 incredibili

194 628 415 674 conjectura
450 627 603 675 epodon
642 628 834 675 epilogum
875 638 959 664 esse
993 628 1099 662 ratus
1134 627 1184 663 ad
1218 639 1361 664 annum
1393 640 1515 677 usque

195 689 280 724 733.
332 688 386 725 At
411 689 514 725 enim
539 699 618 725 non
651 689 707 725 ita
740 689 891 737 probris
927 690 966 725 et
1001 689 1244 726 contumeliis
1279 691 1382 726 totus
1417 690 1516 727 liber

191 750 356 786 refertus
391 751 451 786 est
475 772 526 778 —
552 749 662 798 epod.
693 750 725 787 1.
754 751 788 787 3.
818 751 876 787 11.
907 751 964 787 13.
995 750 1053 786 14.
1090 751 1149 787 15.
1185 751 1252 787 vix
1286 761 1516 799 quemquam

192 810 399 847 offendisse
425 811 654 848 crediderim
678 833 729 839 —
752 822 825 848 nec
851 814 931 848 tam
956 812 1110 858 angusti
1143 823 1188 848 ac
1230 812 1360 859 pusilli
1393 812 1513 849 animi

190 871 264 908 fuit
299 872 553 922 Octavianus,
594 873 660 920 qui
699 873 867 910 carmina
905 873 1080 909 Bibaculi
1119 875 1158 909 et
1198 873 1335 910 Catulli
1372 874 1515 909 referta

192 933 436 969 contumeliis
466 935 674 971 Caesarum
700 935 895 982 sapienter
929 934 1118 970 tolerabat
1136 931 1217 986 ¹⁰),
1250 936 1293 970 ut
1327 935 1366 970 et
1390 935 1513 970 Hora-

191 994 269 1030 tius
297 1005 385 1030 eum
410 995 524 1031 anxie
551 995 675 1031 celare
712 995 890 1045 debuerit
923 997 962 1031 et
996 995 1175 1042 princeps
1211 995 1373 1031 celatum
1407 995 1514 1042 cupi-

195 1055 295 1090 verit
320 1055 459 1091 multas
485 1055 607 1103 ipsius
634 1056 768 1092 laudes
795 1056 1067 1093 continentem.
1120 1055 1219 1091 Mihi
1253 1056 1406 1103 quidem
1432 1056 1512 1092 edi-

190 1115 245 1151 tio
271 1126 351 1152 non
383 1116 484 1152 ultra
519 1126 661 1152 annum
698 1128 735 1153 n.
772 1129 803 1154 c.
832 1118 915 1154 725.
956 1117 1186 1165 proferenda
1225 1128 1311 1153 esse
1345 1115 1510 1153 videtur.

189 1175 360 1213 Primum
386 1177 489 1213 enim
524 1177 660 1227 epodi,
704 1179 771 1226 qui
806 1179 847 1214 in
882 1179 907 1215 Ι.
944 1179 1154 1215 carminum
1187 1178 1287 1215 libro
1316 1178 1509 1227 leguntur,

190 1237 293 1273 haud
319 1237 435 1274 dubie
463 1249 510 1274 ea
535 1239 687 1275 circiter
721 1242 847 1276 aetate
884 1240 1086 1288 compositi
1122 1241 1220 1275 sunt.
1272 1238 1440 1288 Deinde,
1476 1238 1510 1274 si

196 1300 301 1335 recte
329 1299 441 1347 epod.
471 1299 529 1335 17.
556 1302 734 1337 naturam
760 1301 974 1351 perspicio,
1010 1302 1044 1337 is
1072 1312 1117 1337 eo
1144 1302 1309 1348 tempore
1336 1310 1360 1336 a
1392 1310 1509 1336 manu

188 1361 327 1406 poetae
362 1360 479 1410 exiit,
516 1371 591 1408 quo
619 1373 642 1397 a
668 1363 956 1398 contumeliosis
983 1363 1159 1399 versibus
1187 1352 1394 1398 scritiendis
1420 1360 1508 1396 abs-

190 1420 310 1456 tinuit
337 1423 376 1457 et
403 1423 572 1459 emollito
600 1423 710 1470 quasi
748 1425 903 1471 pectore
938 1424 1130 1460 molliores
1156 1423 1198 1458 in
1222 1422 1343 1468 ljricis
1371 1431 1507 1457 sensus

188 1481 335 1528 spirare
363 1483 513 1532 coepit,
549 1486 678 1520 tamen
704 1486 747 1519 ut
780 1484 951 1520 nondum
987 1495 1075 1520 eum
1109 1483 1183 1519 viri
1219 1494 1249 1519 e:
1283 1481 1506 1519 acerbitatis

187 1542 301 1589 plane
339 1544 567 1590 poeniteret.
621 1545 718 1582 Vide
746 1546 870 1594 enim,
910 1546 952 1581 in
989 1547 1071 1580 tota
1110 1544 1183 1580 hac
1221 1543 1364 1592 (cloga,
1405 1553 1504 1590 quae

187 1604 397 1651 opprobria
422 1606 464 1641 in
490 1605 677 1642 misellam
705 1605 906 1643 Canidiam
931 1607 1126 1641 ferventer
1159 1603 1324 1652 fuderat,
1363 1614 1409 1639 ea
1442 1615 1503 1640 re-

187 1666 317 1701 cantat
343 1667 383 1701 et
409 1665 648 1714 deprecatur.
703 1666 816 1709 Quod
851 1677 1081 1714 quamquam
1114 1665 1217 1701 vultu
1245 1664 1367 1700 veluti
1401 1676 1503 1701 com-

186 1727 315 1772 posito
342 1726 397 1762 ita
423 1727 536 1777 facit,
572 1730 615 1763 ut
642 1728 798 1774 egregia
823 1739 979 1775 prorsus
1007 1738 1076 1774 per
1102 1729 1214 1762 totun
1249 1736 1404 1762 carmen
1431 1726 1501 1762 dif-

185 1787 272 1822 fusa
296 1787 421 1824 ironia
448 1799 578 1834 sagam
605 1791 645 1824 et
670 1790 838 1834 magicas
866 1789 948 1834 ejus
976 1790 1078 1824 artes
1106 1787 1304 1824 salsijsime
1321 1787 1501 1823 irrideat:

186 1858 275 1883 eum
301 1850 432 1884 tamen
466 1850 649 1886 credibile
677 1852 737 1886 est
770 1861 854 1887 non
878 1851 1010 1887 solum
1038 1852 1093 1886 ad
1118 1852 1292 1887 ultinum
1316 1850 1381 1885 isti
1405 1859 1501 1886 mu-

185 1910 275 1946 lieri
299 1910 365 1946 hic
391 1912 577 1960 illusisse,
604 1922 745 1948 verum
763 1913 884 1947 etiam
900 1913 1116 1948 maledicta
1140 1916 1177 1948 ec
1203 1912 1373 1947 ‘onvicia
1395 1921 1500 1958 quo-

186 1971 400 2007 dammodo
426 1974 601 2009 emollire
626 1976 663 2009 ec
687 1974 731 2008 in
747 1971 892 2019 jocum
918 1977 1070 2009 vertere
1095 1974 1266 2009 voluis-e.
1291 1972 1414 2008 Prius
1439 1971 1500 2007 vel

185 2031 309 2079 primo
335 2043 451 2068 versu
478 2033 767 2080 comprobatur:
799 2035 865 2082 „J
873 2044 949 2070 am
966 2033 1079 2079 jam
1107 2031 1250 2079 efficccz'
1276 2035 1326 2069 do
1352 2043 1501 2069 manus

184 2092 427 2143 scientiaef‘
456 2093 496 2129 in
523 2105 599 2141 quo
627 2106 667 2129 se
693 2097 857 2131 tandem
885 2097 1107 2142 aliquando
1133 2095 1264 2131 vicum
1298 2095 1338 2128 et
1362 2095 1498 2141 poten-

185 2154 275 2190 tiori
300 2154 451 2190 mulieri
487 2155 623 2191 cedere
658 2155 695 2190 h.
733 2166 765 2191 e.
807 2155 1002 2191 abstinere
1042 2155 1083 2191 in
1121 2157 1306 2202 pos‘erum
1345 2154 1498 2202 probris

185 2215 388 2263 perspicue
415 2217 636 2265 confitetur,
676 2216 845 2262 itemque
876 2228 911 2252 v.
944 2216 1025 2252 59.:
1071 2218 1264 2265 „Imp-me
1291 2220 1336 2252 uc
1358 2216 1501 2252 urbem

184 2278 346 2314 nomine
371 2279 548 2324 impleris
579 2271 738 2314 me03‘f
782 2277 881 2313 Tum
915 2280 1048 2325 aperte
1084 2278 1125 2313 hi
1154 2278 1263 2324 jambi
1299 2279 1339 2313 et
1373 2276 1499 2324 epodo

186 2337 221 2373 5.
249 2338 486 2384 posteriores
515 2341 604 2375 sunt
629 2336 710 2391 (cll.
730 2349 765 2373 V.
782 2337 829 2373 48
856 2348 911 2386 sq.
941 2340 981 2374 et
1005 2339 1041 2388 5,
1069 2337 1128 2392 5.)
1155 2341 1196 2375 et
1210 2339 1328 2375 satira
1351 2337 1442 2374 libri
1468 2337 1498 2373 Ι.

186 2400 323 2435 octava
349 2394 430 2449 (cll.
458 2412 493 2437 v.
523 2400 581 2437 58.
610 2400 669 2436 76.
698 2409 784 2436 cum
812 2401 881 2435 sat.
912 2399 954 2449 l,
983 2399 1017 2436 8.
1046 2400 1106 2436 30.
1135 2402 1174 2437 et
1200 2400 1249 2437 43.
1280 2411 1313 2435 v.
1342 2398 1497 2435 Kirchn.

272 2584 332 2625 10)
356 2586 396 2616 cf.
419 2585 499 2617 Tac.
522 2586 600 2617 Ann.
624 2585 655 2620 4.
679 2585 732 2617 34.
756 2586 852 2617 Orelli
876 2585 917 2616 ad
941 2585 1032 2627 epod.
1058 2585 1087 2617 1.
1112 2596 1142 2628 p.
1165 2586 1235 2618 541³.
