1659 2948
748 228 1021 270 —38-

225 342 365 379 essent.
416 339 516 377 Vide
540 337 649 387 mihi,
676 347 791 385 quam
816 336 912 372 mire
940 334 1070 371 omnia
1090 335 1304 371 concinant.
1357 335 1482 379 Quam
1507 335 1549 372 in

222 403 353 440 limine
390 401 423 438 1.
459 399 671 437 carminum
704 397 826 433 fusius
861 396 1002 432 tractat
1036 395 1289 445 sententiam,
1327 396 1424 434 alios
1461 396 1548 433 aliis

223 464 349 501 teneri
384 461 542 509 studiis,
578 470 619 495 se
657 457 841 495 delectari
866 455 998 505 poesi,
1033 466 1120 492 eam
1146 454 1282 491 eadem
1306 456 1419 503 plane
1446 456 1548 503 cogi-

223 525 413 561 tationum
455 520 555 557 serie
591 518 661 556 sed
701 517 858 555 brevius
892 516 1139 565 persequitur
1173 516 1215 552 in
1249 516 1326 552 Sat.
1361 517 1408 566 2,
1443 518 1477 555 1.
1512 529 1548 553 v.

222 585 429 623 24—29.:

420 643 527 688 Quid
547 634 735 687 faciam?
759 641 886 677 saltat
907 639 1125 688 Milonius,
1150 643 1198 676 ut
1219 639 1346 676 semel
1367 639 1444 676 icto

418 703 597 743 Accessit
615 699 753 748 fervor
778 702 920 750 capiti,
946 710 1222 749 numerusque
1248 700 1435 736 lucernis.

421 766 565 803 Castor
588 765 743 812 yauclet
767 764 900 812 equis,
927 772 1002 800 oco
1024 766 1252 810 prognatus
1277 762 1416 797 eodem

420 827 598 874 Puym‘s5
631 829 729 874 quot
752 824 930 871 capitum
954 824 1095 860 vivunt
1096 851 1114 873 2
1139 824 1302 860 totidem
1326 822 1553 859 studiorum

419 888 562 925 Miltia.
612 887 680 923 Me
702 885 874 932 pedibus
900 886 1071 922 delectat
1093 885 1284 921 claudere
1308 882 1437 919 verba

419 948 552 985 Lucili
575 948 657 985 ritu
661 974 677 995 2
702 951 885 983 nostrum
910 947 1086 983 melioris
1110 944 1281 994 utroque
1298 940 1371 992 ²¹).

223 1010 267 1047 In
294 1008 457 1046 eandem
482 1007 675 1045 delabitur
700 1007 813 1055 epist.
844 1006 886 1055 1,
915 1006 949 1042 1.
977 1006 1023 1041 77
1053 1016 1131 1053 sq.:

422 1071 530 1107 Pars
555 1070 764 1106 hominum
779 1069 898 1116 ‚qesta
914 1069 1138 1105 conducere
1151 1068 1337 1115 publica:
1360 1069 1469 1115 swnt,
1484 1065 1555 1113 qua·

428 1131 584 1168 Crustis
610 1134 648 1167 ec
668 1131 799 1177 pomis
825 1130 973 1166 viduas
998 1133 1197 1166 venentur
1224 1138 1397 1177 avara-3,

420 1193 721 1239 Eoecz‘pz'antque
745 1200 883 1238 senes,
907 1201 1010 1239 quos
1034 1191 1078 1226 in
1102 1190 1262 1227 vicaria
1286 1189 1456 1225 mittant.

421 1254 562 1291 Multis
586 1253 738 1290 occulto
764 1253 904 1289 crescit
927 1262 994 1288 res
1016 1248 1193 1297 foenore.
1247 1250 1397 1287 Verum

423 1314 519 1351 Esto
527 1340 541 1360 7
569 1315 662 1350 aliis
690 1314 792 1350 alios
816 1313 937 1350 rebus
961 1313 1185 1361 studiisque
1209 1313 1356 1363 teneri,

422 1375 553 1412 Iidem
578 1376 721 1411 eadem
744 1379 916 1421 possunt
939 1374 1083 1411 horam
1109 1376 1262 1411 durare
1282 1369 1532 1421 probantes?

224 1437 264 1472 et
297 1435 337 1471 in
371 1435 536 1483 epistola
569 1435 745 1481 Augusto
781 1435 922 1483 dicata,
950 1445 1049 1482 quae
1076 1434 1241 1481 primam
1275 1434 1436 1472 alterius
1466 1435 1557 1472 libri

224 1495 355 1533 sedem
381 1498 488 1533 tenet
513 1507 549 1532 V.
580 1496 650 1532 114
679 1506 758 1543 sq.:

423 1559 580 1595 Navem
617 1567 737 1604 ayere
780 1557 951 1604 igmarus
983 1556 1105 1593 navis
1143 1557 1274 1603 time&
1317 1556 1557 1595 abrotonum

757 1628 879 1664 aeyro

423 1679 515 1716 Non
551 1679 692 1727 audet,
726 1679 807 1715 nisi
837 1679 909 1726 qui
943 1677 1099 1727 didicit,
1136 1679 1258 1715 dare:
1290 1681 1401 1727 quod
1423 1681 1556 1718 mede·-

756 1749 895 1776 corum
921 1743 998 1787 est,

424 1799 667 1838 Promittant
689 1801 832 1837 medici
834 1811 852 1846 ;
878 1803 1057 1837 tractant
1081 1797 1250 1845 fabrilia
1274 1798 1385 1846 fabri
1394 1814 1408 1838 .-

422 1861 642 1898 Scrz'bz'mus
666 1863 815 1898 indocti
842 1862 1023 1908 doctique
1045 1866 1235 1907 poemala
1258 1864 1424 1909 passim.

227 1920 330 1964 Quid
355 1919 476 1958 vero'ss
503 1922 606 1970 quod
632 1922 757 1970 prima
782 1921 873 1958 libri
898 1921 926 1958 I.
957 1920 1076 1958 satira
1100 1924 1184 1958 tota
1209 1923 1250 1959 in
1276 1919 1368 1959 illa?
1410 1923 1430 1961 I
1455 1933 1558 1960 nunc

228 1985 268 2018 et
293 1993 408 2019 caeco
434 1982 475 2019 id
502 1994 594 2019 casu
620 1984 763 2019 factum
787 1983 1016 2032 pronuntia,
1044 1994 1184 2030 nempe
1210 1985 1254 2019 ut
1278 1984 1363 2031 ipse
1388 1983 1557 2021 videaris

227 2043 430 2081 caecutire.
482 2044 546 2080 An
579 2044 736 2080 fortuito
770 2044 994 2091 Propertius
1033 2054 1185 2092 quoque
1220 2044 1261 2080 in
1286 2045 1372 2092 ipso
1399 2045 1557 2093 prologo

226 2104 316 2142 libri
340 2104 388 2142 Π.
415 2115 452 2141 v.
481 2104 529 2140 43
556 2115 613 2151 sq.
641 2103 803 2140 eandem
831 2104 1063 2140 sententiam
1089 2105 1300 2156 expressit:

377 2167 528 2203 Navita
554 2167 603 2202 de
627 2167 775 2215 ventis,
803 2168 852 2202 de
876 2168 1008 2202 tauris
1032 2171 1180 2204 narrat
1207 2171 1366 2216 arator,

426 2227 653 2264 Enumerac
676 2227 791 2263 miles
815 2228 1009 2276 vulnera,
1035 2232 1177 2274 pastor
1203 2238 1306 2265 oves.

377 2289 460 2325 Nos
486 2292 628 2325 contra
655 2292 825 2335 anqusto
851 2298 1061 2325 versamus
1082 2290 1239 2336 proelia
1264 2291 1382 2338 lecto,

426 2348 518 2392 Qua
540 2353 632 2396 pote
656 2351 825 2397 quisque
848 2351 893 2385 in
919 2360 969 2386 ea
995 2354 1174 2387 conterat
1200 2354 1286 2388 arte
1311 2352 1426 2388 diem.

228 2410 403 2447 Ptofecto
436 2410 530 2446 talia
563 2410 706 2447 indicia
739 2421 816 2447 non
850 2411 963 2458 plane
990 2411 1209 2459 spernenda
1234 2413 1334 2448 sunt.
1385 2409 1556 2448 Produnt

603 2510 615 2530 2

318 2549 378 2585 21)
402 2549 464 2580 Hic
486 2549 556 2589 ipsc
578 2550 666 2580 locus
689 2549 797 2580 nescio
820 2559 860 2580 an
885 2550 1022 2582 omnium
1046 2551 1163 2592 optime
1184 2553 1313 2582 tucatur
1336 2550 1556 2582 addubitatum

231 2593 306 2625 illud
331 2594 418 2637 „Me
441 2593 606 2626 doctarum
629 2593 768 2626 hederae
792 2595 895 2626 caet?
