1643 2959
630 167 811 210 —227
857 192 911 198 —-

105 289 201 316 sene
225 277 408 325 Augusto
433 279 572 316 Janus
594 278 838 329 patefactus,
866 280 956 316 dum
977 280 1081 328 apud
1099 283 1293 317 extremos
1322 285 1440 319 terra-

105 350 190 376 rum
216 339 401 375 terminos
428 350 552 376 novae
580 342 717 386 gentes
744 352 861 389 saepe
889 353 938 378 ex
964 353 1035 377 usu
1064 344 1103 378 et
1130 342 1337 390 aliquando
1356 355 1441 379 eum

106 399 246 437 damno
274 403 524 452 quaeruntur,
552 411 674 449 usque
702 402 752 438 ad
776 403 1007 450 Vespasiani
1035 403 1190 440 duravit
1222 403 1438 451 imperium.

102 463 310 510 Hucusque
340 463 577 501 Cornelius?
628 465 750 500 Janus
778 465 881 499 enim
908 475 994 501 cum
1020 475 1099 500 non
1125 465 1180 501 ita
1207 466 1325 501 multo
1352 468 1442 513 post

105 535 139 560 a.
168 524 255 560 729.
283 527 478 560 reseratus
507 524 578 561 sit:
614 536 774 561 neeesse
810 527 870 561 est
909 527 1068 562 tertium
1102 526 1254 563 clausus
1290 527 1340 563 sit
1373 538 1442 574 po-

105 585 267 622 steriore
287 586 475 635 tempore,
505 585 538 622 si
563 597 659 623 sene
676 586 858 634 Auyuslo
885 598 1039 623 rursum
1056 588 1314 635 aperiebatur.
1355 589 1443 625 Jam

102 658 196 684 vero
222 658 301 684 non
320 647 478 684 dubium
506 649 566 684 est
582 649 675 695 quin
691 649 813 685 Janus
837 650 1018 695 primum
1044 649 1196 686 clausus
1224 650 1275 685 sit
1302 662 1336 686 a.
1357 649 1443 686 725.

102 704 203 761 (Dio
230 709 292 758 51,
321 704 405 761 20.)
433 711 658 757 iterumque
684 720 718 745 a.
747 709 833 746 729.
863 706 964 761 (non
990 712 1034 746 ut
1067 710 1238 746 Masson.
1277 710 1375 746 dixit
1402 711 1443 746 111

103 770 193 806 Jani
221 770 352 817 templ.
380 781 455 805 res.
484 780 522 816 p.
551 770 611 806 94.
641 781 673 806 3.
702 770 787 806 730.
818 772 864 806 ef.
882 771 958 807 Dio
986 771 1047 820 53,
1076 767 1160 823 26.)
1188 771 1263 808 Sed
1289 771 1443 819 quando

100 833 261 868 tertium
294 830 336 866 id
375 831 518 866 sactum
553 831 625 878 sit,
653 841 731 866 non
761 830 895 877 liquet.
948 832 1038 867 Non
1065 832 1167 867 enim
1194 844 1309 879 posse
1336 832 1443 869 credi

102 892 255 941 Orosio,
283 890 349 939 qui
377 900 522 926 3111111111
549 890 634 925 752.
663 889 804 940 habet,
831 891 931 927 bene
960 891 1131 928 ostendit
1157 892 1327 929 Masson.
1355 895 1441 929 Jan.

99 953 231 1000 templ.
260 964 297 1000 p.
334 951 420 987 320.
456 953 495 986 et
529 950 724 987 neminem
759 951 903 1001 fugiet,
941 952 1007 1000 qui
1042 953 1168 1000 ipsum
1213 954 1441 1001 scriptorem

100 1013 297 1062 quaelibet
323 1023 370 1048 eo
395 1014 569 1060 tempore
595 1012 781 1049 miracula
807 1014 1028 1060 captantem
1072 1014 1270 1052 evolverit.
1332 1015 1440 1051 Idem

100 1075 218 1122 igitur
251 1074 422 1110 Masson.
457 1073 482 1110 l.
510 1073 534 1110 l.
563 1084 600 1121 p.
636 1073 721 1110 208.
758 1074 923 1122 probare
959 1074 1108 1111 studuit
1141 1077 1282 1113 ι1111111111
1325 1077 1440 1114 tertio

100 1137 273 1174 clausum
300 1147 386 1172 esse
414 1147 447 1171 a.
476 1135 563 1171 744.
593 1135 668 1172 Sed
696 1138 922 1182 argumenta
950 1137 1033 1183 ejus
1061 1139 1140 1173 tam
1175 1138 1301 1174 sutilia
1336 1140 1439 1188 sunt,

99 1201 143 1235 ut
168 1198 321 1234 mireris
349 1208 395 1232 ea
412 1196 634 1232 hominibus
654 1196 777 1233 doctis
796 1200 874 1234 tam
894 1197 959 1234 diu
978 1200 1017 1234 et
1033 1199 1224 1247 placuisse
1252 1200 1290 1234 et
1316 1198 1441 1235 fraudi

99 1260 230 1297 fuisse.
282 1259 359 1296 Dio
388 1259 494 1295 Cass.
522 1258 586 1308 54,
613 1259 674 1295 36.
701 1270 724 1295 3
759 1259 902 1296 Senatu
939 1270 1039 1296 anno
1068 1260 1150 1296 743.
1190 1256 1334 1311 (annus
1361 1271 1440 1297 non

99 1322 244 1359 diserte
270 1320 476 1358 denotatus
503 1321 576 1370 est,
604 1320 674 1356 sed
701 1320 858 1357 eredere
887 1320 948 1357 hic
975 1321 1067 1359 licet
1085 1322 1268 1358 Massono
1294 1323 1318 1358 1.
1347 1322 1370 1358 1.
1400 1334 1436 1370 p.

99 1379 209 1435 203.)
246 1382 446 1419 decretum
481 1393 566 1418 esse
603 1385 749 1432 narrat,
778 1384 820 1418 ut
844 1383 966 1420 Janus
995 1382 1248 1420 clauderetur.
1301 1384 1437 1431 Neque

97 1448 228 1482 tamen
254 1444 294 1482 id
320 1444 401 1481 fieri
417 1443 605 1494 potuisse,
632 1443 736 1492 quod
754 1444 851 1481 Daci
878 1444 1019 1481 Istrum
1046 1445 1286 1491 congelatum
1313 1447 1438 1482 trans-

98 1507 222 1555 gressi
239 1506 396 1556 suerint,
414 1506 614 1543 Dalmatae
642 1517 735 1542 vero
755 1506 939 1542 Germani
967 1509 1006 1543 ct
1031 1507 1132 1544 Catti
1152 1507 1435 1543 rebellaverint.

99 1564 335 1621 (ἐψηφίσθη
361 1566 434 1616 μὲν
461 1562 529 1604 οὖν
555 1564 624 1604 τὸν
643 1565 768 1604 Ἰανὸν
794 1565 863 1605 τὸν
892 1567 1059 1617 Γέμινον
1093 1567 1147 1614 ιῦς
1181 1570 1246 1605 καῖ
1280 1581 1437 1605 πεπαυ-

96 1632 224 1680 μένων
246 1629 324 1667 τιῦν
346 1629 528 1678 πολέμων
542 1650 591 1657 -
609 1627 778 1679 ἀνέῳκτο
794 1627 871 1680 γὰρ
886 1652 936 1657 —-
957 1629 1190 1677 κλεισθῆναι
1205 1658 1214 1667 .
1231 1629 1275 1667 οὐ
1302 1631 1435 1679 μέντοι

98 1692 164 1728 καῖ
189 1687 375 1738 ἐκλείσθη
394 1719 404 1727 .
424 1691 464 1727 οἳ
498 1703 538 1728 τε
563 1688 640 1741 γὰρ
668 1691 797 1728 Δακοῑ
833 1689 901 1728 τὸν
919 1689 1072 1743 Ἴστρον
1107 1692 1309 1739 πεπηγότα
1344 1687 1435 1728 δια-

99 1753 238 1803 βάντες
262 1751 371 1789 λείαν
397 1748 437 1789 ἔκ
462 1751 530 1799 τῆς
547 1751 771 1798 Παννονίας
796 1751 1053 1802 ἀπετέμοντο,
1080 1754 1145 1789 καὶ
1163 1751 1201 1789 οἱ
1218 1752 1436 1802 Δαλμάται

96 1811 198 1865 πρὸς
238 1811 306 1859 τὰς
350 1811 568 1866 εἷςῑτράξεις
610 1813 689 1852 τῶν
726 1814 942 1864 χρημάτων
983 1811 1262 1861 ἐπανέστησαν.
1300 1810 1432 1867 6361.).

99 1876 175 1914 Sed
201 1876 413 1913 debellatas
441 1887 526 1912 esse
553 1877 688 1922 gentes
716 1887 738 1913 3
756 1876 913 1913 Tiberio
940 1878 979 1913 et
996 1878 1137 1914 Druso.
1172 1877 1270 1914 Tum
1290 1879 1434 1914 utrum·

98 1949 173 1987 que
200 1948 277 1975 una
303 1949 390 1974 cum
415 1938 591 1983 Augusto
617 1937 780 1974 Romam
813 1937 975 1974 rediisse
1015 1940 1055 1975 61
1090 1949 1190 1975 311110
1226 1939 1310 1976 744.
1347 1950 1434 1987 per-

98 2000 251 2050 fecisse,
287 2009 539 2048 quaecunque
573 2002 733 2048 propter
766 2000 949 2037 victorias
984 2000 1140 2037 decreta
1173 2000 1338 2038 fuissent
1371 2001 1432 2037 vel

99 2072 169 2109 per
194 2072 236 2097 se
264 2061 441 2098 facienda
476 2063 608 2098 essent
641 2057 729 2114 (καί
753 2059 854 2110 μετὰ
888 2061 1005 2099 τοῦτο
1039 2060 1079 2109 ἕς
1111 2075 1153 2100 τε
1186 2060 1253 2110 τὴν
1274 2061 1434 2111 “Ρω’μην

98 2119 170 2159 σῦν
187 2120 478 2173 τῷΑὐγούστῳ
497 2122 843 2172 συνεκομίσθησαν
859 2145 910 2153 —-
935 2119 975 2160 ἕν
999 2121 1077 2176 γὰρ
1096 2124 1143 2172 τῇ
1160 2119 1432 2173 Λουγδουνίδι

97 2180 147 2221 τὰ
173 2181 305 2220 πολλὰ
323 2180 448 2230 οὕτως
474 2180 642 2233 ἐγγύθεν
667 2186 750 2231 τοῖς
767 2184 931 2231 Κελτοῖς
957 2182 1178 2236 ἐφεδρεύων
1195 2182 1363 2238 διέτριβε
1379 2207 1429 2213 —

96 2245 163 2282 καὶ
188 2241 267 2282 ὅσα
299 2240 368 2281 ἐπὶ
399 2246 485 2291 ταῖς
517 2249 641 2293 νίκαις
674 2243 874 2297 ἐψήφιστο
908 2246 930 2294 ἢ
957 2248 1023 2285 καῖ
1049 2245 1180 2294 ἄλλως
1205 2248 1430 2296 καθήκοντα

96 2301 142 2354 ἦν
165 2305 354 2355 γενέσθαι
371 2301 637 2359 ἐπετέλεσαν).
671 2307 782 2345 Unde
800 2309 1006 2346 Massonus
1026 2312 1145 2348 etiam
1161 2312 1320 2349 Janum
1344 2315 1430 2348 tam

97 2369 285 2406 clausum
307 2365 436 2414 fili-sse
461 2368 625 2415 collegit.
677 2369 731 2407 At
755 2370 867 2407 facile
895 2373 1057 2419 apparet
1092 2383 1206 2422 quam
1244 2372 1363 2409 dubia
1389 2374 1428 2408 et

96 2429 363 2477 improbabilis
399 2430 494 2467 haec
530 2430 581 2467 sit
615 2431 846 2477 conjectura.
906 2433 1006 2470 Nam
1038 2434 1205 2482 primum
1240 2434 1273 2470 si
1307 2434 1427 2470 Janus

99 2489 250 2527 clausus
277 2492 392 2540 esset,
421 2491 586 2541 scriptor
602 2491 706 2529 haud
724 2492 839 2530 dubie
867 2494 923 2532 rei
949 2499 1161 2535 memoratu
1180 2495 1426 2541 dignissimae

99 2551 242 2589 diserte
267 2553 502 2590 mentionem
520 2553 687 2592 fecisset.
731 2555 883 2593 Deinde
898 2568 1055 2605 prorsus
1081 2558 1135 2594 nil
1158 2557 1286 2594 verbis
1312 2557 1427 2606 inest,

1078 2618 1123 2654 15
1139 2618 1162 2640 ⁴*
