1643 2959
669 190 942 233 ——125—

145 302 295 339 rissime
322 301 478 338 ferturs'
532 302 578 338 cf.
608 302 753 338 Grotef.
781 314 819 350 p.
849 301 931 338 462.
950 300 987 337 b.
1015 320 1065 328 —
1091 299 1239 344 Quodsi
1273 300 1392 347 igitur
1419 301 1466 337 de

145 365 271 399 aetate
299 362 413 409 hujus
441 362 556 410 epodi
585 363 678 399 satis
704 363 847 412 liquet,
883 373 962 400 non
995 372 1092 410 opus
1129 362 1189 398 est
1217 361 1293 397 alia
1328 362 1466 398 afferre

143 425 381 469 argumenta.
443 423 518 460 Sed
556 424 694 460 faciam
735 426 876 460 tamen.
928 424 1029 461 Nam
1064 433 1219 459 carmen
1252 424 1342 471 post
1378 433 1466 459 ann.

143 484 228 521 720.
258 485 443 532 scriptum
471 495 556 521 esse
584 485 746 521 efficitur
772 486 853 520 tum
880 485 994 534 inde,
1022 483 1125 532 quod
1153 485 1268 531 poeta
1288 484 1371 530 jam
1396 484 1468 520 vil-

142 546 219 581 lam
253 547 426 593 possedit
453 542 510 596 (v.
540 541 645 598 41.)‚
691 547 774 581 tum
813 546 915 593 quod
953 546 995 581 in
1035 545 1266 593 quibusdam
1290 544 1468 581 versibus

143 607 240 643 mira
275 609 334 643 est
370 606 579 643 similitudo
613 617 815 656 versuum,
850 606 917 654 qui
944 606 985 642 in
1012 607 1141 642 satiris
1176 608 1259 642 tum
1286 605 1380 642 ortis
1413 606 1469 642 16-

143 670 295 714 guntur.
350 669 395 705 cf.
423 680 459 704 v.
488 669 548 704 49.
577 669 616 703 et
643 668 719 703 Sat.
748 668 794 717 2,
834 668 868 704 4.
905 667 964 703 32.
1001 666 1046 716 8,
1084 666 1144 702 27.
1180 688 1230 694 -
1264 678 1299 702 ν.
1328 667 1388 703 50.
1430 668 1470 702 et

142 729 220 766 Sat.
248 729 291 778 2,
313 729 347 765 2.
376 729 435 765 22.
465 729 500 778 4,
529 729 587 764 30.
615 749 666 756 —
692 740 727 764 v.
756 728 815 764 51.
846 730 885 764 et
911 729 988 765 Sat.
1017 727 1052 764 2.
1090 728 1129 764 et
1164 727 1241 764 Sat.
1270 728 1316 777 2,
1344 728 1378 765 4.
1407 727 1467 764 65.

141 809 190 817 -—
217 801 250 825 v.
279 789 339 825 57.
367 790 444 826 Sat.
473 790 510 839 2,
538 789 573 825 4.
601 788 660 825 29.
688 809 738 817 -—

174 932 177 937 .
240 899 469 937 EPODUS
495 901 581 937 111.
625 903 846 952 „Parentis
872 901 993 939 olim„
1043 901 1263 938 Maecenati
1304 901 1468 950 dicatus,

141 961 207 1010 qui
231 963 437 998 Horatium
463 963 564 999 inter
592 964 725 1010 epulas
753 964 882 1011 posito
909 963 998 999 allio
1026 964 1149 1000 facete
1176 964 1342 1013 luserat,
1380 973 1468 1010 pro-

140 1025 228 1071 pter
247 1023 462 1069 jocularem
498 1026 538 1060 et
571 1025 800 1060 familiarem
834 1025 1044 1074 rationem,
1081 1035 1156 1072 qua
1189 1027 1307 1073 poeta
1332 1025 1469 1074 utitur,

140 1084 244 1120 haud
284 1086 426 1130 exiguo
467 1086 652 1132 temporis
694 1086 820 1134 spatio
860 1088 949 1134 post
990 1096 1104 1133 quam
1144 1087 1186 1122 in
1227 1086 1468 1122 Maecenatis

140 1146 348 1183 amicitiam
374 1146 544 1182 adscitus
573 1149 645 1196 est,
674 1158 765 1193 ergo
794 1148 991 1195 aliquanto
1018 1149 1108 1194 post
1134 1147 1291 1183 initium
1318 1158 1351 1183 a.
1380 1147 1466 1182 717.

140 1207 305 1255 scriptus
333 1219 418 1244 esse
447 1207 574 1244 debet.
628 1208 714 1244 Jam
742 1220 828 1245 cum
856 1220 876 1244 c
904 1220 960 1244 vs.
991 1208 1037 1244 19
1057 1218 1112 1255 sq.
1146 1210 1334 1256 appareat
1360 1208 1469 1244 Mae-

140 1271 315 1304 cenatem
350 1269 467 1304 etiam
500 1270 582 1304 tum
617 1269 804 1306 caelibem
838 1270 979 1318 fuisse,
1019 1279 1091 1304 nec
1132 1269 1224 1305 dum
1266 1269 1469 1305 adamasse

139 1329 375 1380 Terentiam,
404 1329 596 1377 siquidem
622 1330 753 1377 puella
779 1342 865 1367 cum
892 1341 938 1366 eo
966 1330 1007 1365 in
1024 1330 1202 1367 convivio
1222 1331 1469 1367 discumbens

139 1401 217 1427 non
242 1392 352 1428 facile
380 1391 560 1427 convenit
585 1392 737 1441 marito,
765 1394 869 1428 recte
889 1391 1121 1428 observante
1140 1393 1297 1430 Kirchn.
1317 1395 1465 1441 quaest.

139 1464 176 1500 p.
206 1452 266 1488 28.
295 1450 332 1502 ξ,
362 1453 420 1489 52.
449 1474 499 1480 -
524 1463 602 1488 non
640 1452 759 1497 igitur
792 1453 1009 1489 audiendus
1046 1453 1169 1490 Schol.
1210 1454 1360 1505 Acron⁷
1401 1454 1468 1502 qui

141 1513 359 1550 tacentibus
400 1513 563 1550 caeteris
618 1513 721 1549 solus
769 1513 901 1550 retulit
940 1526 975 1550 v.
1017 1514 1099 1551 22.:
1157 1515 1362 1564 „Quidam
1400 1527 1467 1552 vo-

138 1575 222 1612 lunt
247 1574 469 1611 Terentiam
495 1574 749 1610 concubinam
775 1576 1014 1612 Maecenatis
1044 1587 1131 1612 eum
1159 1576 1373 1622 significare
1400 1588 1468 1613 vo-

138 1636 295 1674 luisse.''
321 1658 372 1664 --
399 1636 545 1684 epodus
571 1636 709 1683 nequit
734 1638 824 1684 post
851 1648 885 1673 a.
914 1637 999 1673 720.
1037 1639 1217 1673 exaratus
1245 1649 1353 1688 esse,
1390 1649 1467 1686 quo

140 1698 345 1734 Maecenas
372 1698 577 1735 Terentiae
614 1709 742 1734 amore
778 1698 861 1744 jam
899 1709 1105 1746 percussus
1144 1698 1264 1735 fuisse
1300 1699 1466 1750 videtur⁷

140 1759 293 1795 etiamsi
333 1771 417 1796 eam
443 1759 614 1796 nondum
649 1760 690 1795 in
728 1760 1017 1796 matrimonium
1056 1759 1221 1796 duxerit.
1276 1762 1321 1797 cf.
1351 1761 1463 1809 epod.

142 1819 202 1869 14,
232 1820 289 1856 13.
318 1823 357 1856 et
382 1821 530 1858 WVeich.
559 1832 595 1867 p.
624 1821 692 1856 rcl.
720 1832 758 1868 p.
787 1821 873 1857 460.

239 1882 441 1918 Nescimus
486 1881 638 1929 quando
677 1882 860 1918 Terentia
899 1882 1119 1918 Maecenati
1156 1882 1355 1932 nupserit,
1396 1884 1466 1922 sed

140 1945 326 1990 nupserat
346 1943 427 1989 jam
453 1954 486 1979 a.
516 1943 616 1992 725„
644 1944 687 1978 ut
712 1944 821 1990 patet
848 1954 897 1979 ex
923 1944 984 1980 od.
1013 1944 1049 1992 2,
1072 1944 1129 1979 12.
1152 1944 1209 1980 13.
1229 1940 1463 1996 (cf.Weich.

139 2015 177 2052 p.
219 2005 286 2040 rel.
327 2016 364 2052 p.
404 2005 476 2040 462
518 2001 601 2057 sq.)
642 2006 680 2039 et
730 2004 980 2041 divinationis
1030 2005 1254 2051 ademento
1308 2006 1465 2053 probari

141 2067 288 2114 potest,
317 2066 583 2102 Maecenatem
610 2067 698 2113 post
723 2077 756 2102 a.
783 2066 936 2102 demum
955 2067 1038 2104 720.
1058 2067 1214 2114 nuptias
1234 2067 1462 2105 celebrasse.

139 2127 216 2163 Res
243 2127 338 2163 haec
366 2129 446 2164 est:
493 2129 634 2165 Caesar
661 2128 915 2177 Octavianus,
953 2139 1067 2176 quem
1100 2128 1305 2165 Terentiae
1332 2139 1462 2166 amore

141 2198 294 2236 semper
319 2190 501 2234 flagrasse
530 2190 691 2238 constat,
720 2189 922 2237 deperibat
949 2201 1032 2226 eam
1060 2202 1093 2226 a.
1123 2189 1207 2225 720.
1236 2190 1281 2226 cf.
1310 2190 1459 2228 Weich.

140 2260 177 2296 p.
204 2249 271 2286 rel.
298 2261 336 2297 p.
364 2249 447 2287 471.
483 2253 563 2287 not.
593 2251 651 2287 51.
704 2251 804 2288 Nam
838 2252 903 2288 illo
943 2253 1023 2288 fere
1058 2253 1232 2299 tempore
1266 2251 1460 2289 Antonius

143 2310 352 2347 Octaviano
387 2311 487 2348 inter
521 2312 595 2348 alia
636 2314 768 2359 stupra
806 2313 982 2349 illicitum
1022 2313 1259 2349 Teremz'llae
1297 2314 1459 2360 alicujus

143 2381 308 2409 amorem
335 2373 476 2419 objecit
502 2373 543 2409 in
570 2373 755 2422 epistola,
785 2384 900 2421 quam
927 2375 1082 2411 Sueton.
1112 2374 1244 2411 Octav.
1281 2374 1340 2411 69.
1378 2385 1458 2410 ser-

142 2434 256 2470 vavit.
308 2436 414 2472 Haec
440 2437 570 2472 autem
595 2435 805 2472 Terentilla
832 2435 936 2471 haud
963 2435 1077 2472 dubie
1112 2435 1363 2481 intelligenda
1397 2438 1458 2472 est

142 2493 342 2545 Terentia,
371 2507 468 2544 quae
495 2498 631 2544 postea
656 2496 893 2533 Maecenatis
919 2507 1016 2533 uxor
1041 2498 1153 2534 facta.
1206 2497 1378 2544 Eamque
1405 2496 1455 2533 ob

142 2555 265 2602 ipsam
291 2558 454 2596 nominis
489 2557 798 2596 terminationem
832 2557 1029 2607 probabile
1065 2560 1125 2596 est
1156 2560 1291 2595 tenera
1324 2557 1454 2597 admo-
