1679 2948
615 175 894 217 -87-

86 285 324 323 intellectum
349 285 526 323 voluerit.
579 285 709 323 Audio
737 288 777 324 et
802 286 970 324 libenter
1003 284 1168 336 largior,
1203 286 1421 324 rectissime

84 345 351 394 hujuscemodi
377 347 715 385 ratiocinationem
741 347 964 397 procedere.
1011 347 1115 392 Quin
1139 347 1258 384 immo
1284 347 1422 384 distin-

85 409 145 445 cte
178 418 395 457 proponam
436 409 541 446 inter
583 417 682 457 quae
718 410 827 458 optio
871 409 994 446 datur.
1047 409 1128 446 Aut
1161 409 1266 446 enim
1297 408 1424 446 noluit

83 471 200 518 poeta
225 465 494 508 Maecenatem
519 471 700 507 vellicare
728 474 767 508 et
794 471 990 509 hominem
1015 470 1148 508 nescio
1174 480 1290 519 quem
1316 470 1422 507 simi-

82 531 173 568 liter
197 532 440 569 nominatum
466 532 516 569 ob
544 532 730 583 eandem,
767 543 865 582 quae
892 529 1113 570 Maecenati
1146 532 1289 580 probro
1324 534 1421 582 erat,

82 593 284 631 mollitiem
311 595 537 644 castigavit,
574 596 641 630 aut
666 605 759 632 vere
786 594 1026 631 Maecenatis
1060 595 1236 631 incessus
1272 593 1311 630 ei
1334 603 1423 630 cum

82 654 181 692 haec
208 656 398 693 scriberet
423 656 653 693 obversatus
682 658 753 695 est.
806 657 861 694 At
886 656 1000 704 plura
1033 655 1074 692 in
1099 657 1284 703 promptu
1319 656 1422 705 sunt,

83 716 222 764 quibus
249 716 362 753 facile
390 717 561 766 evincas,
589 718 720 752 utrum
745 717 998 754 verisimilius
1026 717 1087 753 sit.
1114 717 1216 755 Nam
1241 717 1423 766 primum,

83 778 165 814 sive
192 778 400 815 Maecenas
427 780 590 826 propter
615 777 818 815 mollitiem
845 778 927 814 sive
954 781 1115 826 propter
1141 777 1353 827 pudorem,
1380 779 1425 814 ut

81 841 214 887 turpes
242 848 396 876 crurum
420 839 571 876 varices
599 840 844 889 tegerentur,
879 839 1023 876 tunicis
1051 839 1187 875 solutis
1215 840 1254 875 et
1282 837 1424 875 demis-

81 900 136 937 sis
169 900 298 949 palam
331 900 530 938 ambulare
579 901 803 950 consuevit,
860 901 1040 937 insolitus
1083 901 1147 938 hic
1187 898 1423 936 nobilissimi

80 962 154 999 viri
190 964 315 1000 cultus
350 963 462 1011 isque
497 962 560 1000 vel
594 963 762 1011 posteris
799 964 838 999 et
873 962 1050 1010 cognitus
1086 964 1126 999 et
1159 964 1316 998 notatus
1351 971 1425 998 nec

80 1025 263 1073 aequales
291 1025 449 1062 omnino
483 1036 556 1062 nec
582 1025 711 1073 ipsum
737 1024 942 1062 Horatium
976 1023 1199 1061 istiusmodi
1231 1034 1295 1060 res
1322 1021 1424 1069 Lyn-

81 1086 139 1122 cei
166 1087 288 1123 oculis
325 1088 549 1123 cernentem
584 1085 799 1134 praeterire
834 1086 973 1133 potuit.
1027 1085 1181 1122 Deinde
1218 1095 1310 1121 vero
1336 1083 1429 1132 quis

80 1150 164 1198 est,
200 1148 267 1196 qui
302 1148 515 1186 verisimile
553 1147 658 1184 dicat
691 1147 897 1184 Horatium
930 1155 1011 1183 non
1038 1147 1163 1183 solum
1197 1145 1358 1182 fortuito
1385 1146 1430 1180 et»

78 1220 171 1247 casu
198 1209 240 1246 in
267 1209 432 1246 similem
449 1219 533 1246 r-em
551 1211 589 1245 et
607 1208 963 1246 denominationem
980 1207 1180 1257 incidisse,
1209 1205 1280 1243 sed
1306 1205 1424 1243 etiam

79 1274 161 1308 tam
173 1271 315 1308 obtusa
328 1273 457 1307 mente
485 1270 606 1307 fuisse
635 1273 792 1318 tamque
818 1269 1108 1307 inconsiderate
1136 1268 1354 1318 scripsisse,
1381 1269 1426 1303 ut

79 1344 152 1370 nec
179 1332 227 1369 de
254 1331 496 1369 Maecenatis
524 1331 660 1368 habitu
688 1331 920 1378 cogitaverit
953 1342 1027 1368 nec
1062 1332 1188 1367 totum
1220 1330 1355 1366 locum·
1376 1327 1424 1365 de

80 1405 127 1432 eo
155 1393 203 1431 ab
239 1393 327 1430 aliis
361 1393 485 1441 accipi
520 1404 637 1441 posse
671 1404 844 1441 unquam
878 1392 1035 1429 viderit.
1088 1393 1140 1429 Et
1165 1394 1209 1428 ut
1235 1392 1321 1439 ipse
1345 1400 1425 1427 non

80 1456 212 1492 statim
237 1455 402 1504 viderit,
440 1464 579 1492 eumne
607 1455 795 1492 credibile
823 1457 884 1491 est
909 1463 982 1491 nec
1009 1456 1147 1502 postea
1181 1451 1424 1490 animadver-

78 1513 204 1554 tisse?
254 1516 405 1553 Eumne
446 1515 494 1552 ab
535 1515 670 1552 amieis
711 1516 826 1562 huJus
864 1515 923 1553 rei
962 1525 1040 1552 non
1079 1514 1425 1552 commonefactum

80 1589 174 1616 esse·
194 1578 257 1615 vel
284 1576 332 1614 ab
359 1576 447 1624 ipso
475 1576 540 1613 illo
566 1576 819 1627 Maecenate,
848 1576 914 1624 qui
943 1587 984 1613 se
1011 1578 1158 1612 tactum
1183 1575 1423 1612 vellicatum-

79 1652 155 1690 que
181 1649 269 1678 esse
296 1640 452 1687 poterat
478 1634 653 1675 sentire‘ss
705 1638 857 1674 Eumne
890 1646 963 1674 nce
999 1640 1138 1688 sponte
1171 1648 1246 1674 nec
1280 1636 1422 1673 amico-

79 1712 166 1740 rum
191 1702 254 1738 vel
279 1701 404 1749 ipsius
430 1699 674 1736 Maecenatis
693 1710 810 1736 suasu
828 1701 895 1736 aut
913 1701 1085 1736 mutasse
1104 1701 1171 1736 aut
1189 1698 1429 1736 obliterasse

80 1760 232 1802 verba'!
283 1764 386 1800 Cave
428 1762 471 1798 in
504 1761 613 1798 incili
656 1760 889 1797 adhaereas!
941 1760 1079 1798 Ubivis
1113 1761 1275 1798 Flaccus
1311 1760 1423 1796 caute

81 1825 239 1874 scripsit
265 1825 305 1861 et
331 1823 623 1871 circumspecte.
677 1823 772 1859 Jure
797 1823 918 1868 igitur
943 1822 992 1858 iis
1019 1821 1205 1871 accedes,
1241 1820 1309 1869 qui
1342 1819 1422 1856 Ho-

80 1888 224 1925 ratium
250 1885 426 1923 consul'to
454 1886 492 1920 et
520 1883 568 1920 de
595 1881 788 1919 industria
815 1883 1036 1920 Maecenati
1063 1882 1232 1919 illusisse
1260 1880 1420 1929 ejusque

80 1948 282 1987 insolitum
315 1947 501 1983 vestitum
535 1945 577 1981 in
611 1944 734 1980 risum
767 1946 921 1981 vertere
956 1944 1127 1981 voluisse
1170 1942 1419 1981 arbitrantur.

81 2012 164 2049 Hoc
192 2011 322 2046 autem
348 2008 523 2057 profecto
549 2005 670 2042 multo
697 2007 787 2041 ante
815 2006 927 2056 fecit,
962 2017 1079 2054 quam
1113 2006 1154 2043 in
1181 2004 1427 2042 Maecenatis·

81 2070 340 2122 patrocinium
367 2072 407 2106 et
432 2068 734 2106 familiaritatem
768 2067 990 2115 perveniret
1007 2064 1059 2121 ⁵).
1110 2068 1217 2106 Nam·
1238 2077 1325 2103 cum
1349 2076 1421 2115 pu-

80 2134 184 2171 blica
207 2132 289 2170 ista
311 2131 442 2169 irrisio
459 2129 636 2168 acerbior
653 2139 769 2177 quam
794 2129 956 2166 facetior
982 2131 1087 2167 esset
1114 2132 1154 2166 et
1180 2129 1236 2165 ita
1263 2128 1418 2176 compa-

82 2197 188 2246 rata,
215 2196 260 2231 ut
284 2193 404 2231 bilem
429 2192 560 2241 potius
588 2201 704 2240 quam
730 2190 852 2227 risum
877 2191 974 2228 laesi
1001 2191 1168 2228 hominis
1182 2201 1338 2228 movere
1355 2189 1421 2226 de-

83 2256 215 2294 beret:
249 2251 437 2295 Horatius
471 2264 551 2291 non
577 2253 702 2291 solum
727 2252 994 2301 imprudenter
1019 2253 1164 2300 egisset
1191 2251 1261 2289 sed
1278 2250 1420 2298 ingrati

86 2318 207 2355 etiam-
236 2319 278 2354 et
307 2308 470 2363 maligni
511 2315 631 2352 animi
675 2314 822 2352 crimen
864 2315 1069 2366 subiisset,
1113 2314 1148 2351 si
1189 2314 1420 2351 insolentem

82 2375 259 2425 fautoris
290 2378 353 2417 sui
387 2379 427 2414 et
461 2379 586 2416 amice*
616 2376 935 2414 consuetudinem
969 2378 1050 2414 tam
1084 2376 1255 2424 graviter
1289 2373 1420 2420 exagi-

179 2519 217 2560 5)
239 2519 320 2551 Audi
345 2521 474 2562 poetam
497 2520 566 2551 Sat.
590 2519 623 2557 1,
647 2519 678 2552 3.
703 2518 757 2552 43.
804 2518 867 2556 „At
890 2520 983 2559 pater
1005 2521 1041 2550 ut
1064 2519 1170 2560 gnati,
1206 2519 1253 2549 sic
1276 2525 1333 2548 nos
1357 2513 1416 2546 de-

89 2565 202 2596 bemus
223 2566 334 2598 amici.
355 2566 392 2597 Si
415 2565 500 2607 quod
522 2565 565 2597 sit
587 2565 700 2599 vitium
724 2574 785 2596 non
809 2564 991 2596 fastidire.“
