1643 2959
637 216 924 258 -127-

114 327 346 366 numinibus.
400 327 520 376 Atqui
546 328 631 376 ipse
661 328 826 377 Caesar,
862 327 929 375 qui
963 336 1043 362 non
1068 324 1222 373 adjutus
1248 324 1298 361 ab
1324 325 1446 364 Anto-

114 390 179 426 nio
207 390 311 426 solus
339 389 483 426 bellum
510 391 735 437 susceperat
761 401 795 426 a.
816 389 925 438 716.,
954 387 1024 424 sed
1048 397 1187 434 magno
1213 387 1447 425 detrimento

114 453 275 500 accepto
300 473 352 480 —
378 462 465 487 cum
490 451 551 488 bis
581 451 716 488 classis
743 450 785 486 in
811 451 911 487 freto
929 449 1057 487 Siculo
1074 449 1257 497 periisset
1272 471 1324 477 —
1348 451 1448 488 mari

113 513 316 550 abstinere
344 515 499 550 coactus
527 514 613 549 erat
639 509 746 562 (Dio
773 512 836 562 48,
864 512 923 549 47.
951 511 1118 560 Appian.
1146 511 1183 548 b.
1212 523 1244 550 c.
1271 512 1310 562 5,
1336 512 1449 549 81—-

111 570 220 628 91.)‚
248 586 282 612 a.
311 575 421 625 717.,
458 586 534 623 quo
567 585 710 611 novam
744 574 908 611 classem
942 574 1106 622 parabat
1131 569 1230 626 (Dio
1257 574 1319 625 48,
1347 572 1474 627 49.)‚‘

111 637 254 683 viginti
284 648 487 674 servorum
513 637 635 674 millia
661 636 887 673 manumisit
905 638 944 671 et
961 636 1010 672 ad
1028 646 1177 672 remum
1195 636 1306 673 dedit
1331 634 1448 687 (Sue-

110 700 190 735 ton.
220 699 305 735 Oct.
336 695 432 751 16.).
477 699 581 744 Ergo
599 699 784 735 Horatius
812 698 914 734 hunc
931 697 1120 746 epodum‚
1148 698 1190 743 in
1217 709 1292 746 quo
1309 709 1450 746 magna

111 771 199 797 cum
233 760 500 806 indignatione
535 760 795 807 Pompejanas
840 759 972 807 copias
1016 759 1162 808 tangit,
1207 771 1286 797 non
1321 762 1450 809 potuit

111 822 281 858 scribere
308 822 386 857 nisi
412 823 502 857 ante
529 832 563 857 a.
593 821 678 856 7l7.
732 821 918 868 Alioquin
946 821 1082 857 eadem
1107 821 1251 867 injuria
1271 822 1451 859 Caesaris

110 883 242 930 copias
271 883 448 919 affecisse
475 882 582 918 visus
611 883 726 918 esset.
773 883 834 918 De
853 884 1027 929 tempore
1054 882 1173 926 igitur
1192 883 1286 918 satis
1312 884 1447 931 liquet.

109 944 186 981 Sed
211 944 386 993 litigant,
423 943 510 992 quis
543 944 661 980 fuerit
689 949 856 993 „seclus
889 946 956 981 ille
975 943 1153 991 flagellis
1177 946 1451 983 triumvirali-

108 1007 184 1044 bus
221 1007 446 1044 Praeconis
487 1008 543 1043 ad
577 1004 818 1051 fastidium>
846 1001 915 1057 (cf.
948 1006 1105 1042 Sueton.
1135 1006 1218 1043 Oct.
1258 1006 1316 1043 13.
1353 1007 1447 1056 ibiq.

110 1068 275 1106 Casaub.
305 1068 365 1104 ed.
393 1068 509 1104 Wolf.
537 1068 612 1104 vol.
641 1067 705 1104 IV.
734 1078 772 1115 p.
793 1064 924 1120 250),
954 1079 1069 1115 quem
1088 1071 1205 1115 poeta
1231 1070 1449 1108 amarulen-

107 1130 158 1166 tis
186 1130 246 1166 his
268 1130 412 1177 jambis
439 1129 640 1177 proscidit.
685 1130 798 1167 Hunc
823 1133 977 1166 veteres
998 1130 1234 1167 Scholiastae
1254 1131 1304 1167 ad
1330 1142 1451 1168 unum

103 1202 241 1227 omnes
269 1193 463 1227 testantur
497 1191 618 1227 fuisse
652 1193 821 1230 Menam
849 1192 930 1227 sive
958 1192 1236 1242 Menodorum,
1265 1195 1332 1229 aut
1359 1194 1447 1230 Sex.

105 1252 280 1301 Pompeji
309 1249 416 1304 (Dio
445 1253 515 1301 48,
544 1253 604 1289 30.
633 1253 735 1300 App.
763 1253 800 1289 b.
831 1253 902 1289 civ.
932 1254 977 1302 5,
1006 1249 1099 1305 81.)
1135 1256 1203 1290 aut
1239 1255 1307 1290 Cn.
1336 1255 1449 1291 Pom-

105 1313 186 1362 peji
213 1314 347 1359 Magni
375 1310 493 1365 (Vell.
523 1315 604 1350 Pat.
635 1315 678 1364 2,
709 1315 767 1351 73.
797 1315 922 1351 Schol.
951 1315 1040 1351 Acr.
1069 1315 1210 1363 Porph.
1241 1317 1281 1352 et
1309 1313 1448 1370 Cruq.)

104 1375 309 1424 libertum,
338 1375 406 1423 qui
433 1375 520 1412 Sex.
548 1376 723 1423 Pompeji
742 1376 855 1412 classi
873 1378 1092 1424 praefectus
1120 1377 1266 1424 egregii
1292 1378 1450 1426 quidem

106 1436 215 1473 ducis
242 1436 357 1473 laude
386 1437 512 1473 clarus
549 1438 623 1474 fuit
660 1437 728 1474 sed
756 1449 778 1474 a
805 1438 967 1485 perfidia
994 1440 1176 1475 famosus.
1230 1440 1331 1476 Nam
1360 1451 1448 1477 cum

105 1498 285 1536 Sardinia
311 1501 501 1546 occupata
529 1499 616 1535 Sex.
645 1499 830 1546 Pompejo
857 1502 1065 1548 propterea
1092 1502 1217 1537 factus
1245 1504 1350 1538 esset
1378 1513 1448 1539 su-

105 1563 276 1609 spectus,
305 1560 409 1608 quod
435 1563 475 1596 et
501 1561 598 1596 alios
627 1561 801 1608 captivos
830 1564 870 1597 et
895 1562 1087 1598 Helenum
1115 1562 1321 1612 quendam,
1352 1565 1449 1601 Cae-

105 1623 203 1659 saris
238 1622 443 1672 libertum,
481 1622 682 1658 dimiserat
717 1621 808 1659 ὑζιέυ
844 1622 996 1673 λύτρων
1023 1620 1128 1674 (Dio
1159 1625 1266 1661 Cass.
1295 1624 1357 1674 48,
1385 1626 1445 1662 30.

105 1681 220 1736 45.),
257 1685 323 1721 καῑ
359 1681 422 1720 ὅτι
448 1685 514 1721 καῖ
540 1682 601 1733 τῷ
634 1683 815 1734 Καίσαρι
850 1680 1167 1732 ἕκεκοιιόλόγητο
1201 1707 1252 1713 -
1290 1689 1360 1723 καί
1390 1700 1447 1737 πῃ

103 1747 170 1782 καῖ
203 1742 284 1782 ὑπὸ
320 1745 400 1782 τῶν
436 1745 588 1795 ὁμοίων
623 1745 769 1796 φθόνῳ
804 1746 872 1794 τῆς
908 1743 1138 1792 δυναστείας
1174 1743 1370 1796 διεβλήθη
1395 1769 1447 1777 -

104 1803 203 1857 (Dio
231 1806 293 1856 48,
321 1807 381 1844 45.
411 1808 457 1844 cf.
485 1809 587 1857 App.
615 1808 653 1845 b.
682 1808 753 1844 civ.
783 1808 828 1857 5,
856 1805 963 1860 78.),
999 1810 1182 1844 evocatus
1218 1809 1266 1845 ab
1295 1820 1342 1845 eo
1367 1820 1448 1847 non

105 1869 230 1906 solum
255 1879 335 1905 non
361 1869 535 1927 obedivit
563 1869 690 1918 dicto,
729 1869 798 1905 sed
839 1869 957 1906 etiam
992 1870 1231 1918 Sardiniam,
1268 1870 1444 1922 classem,

104 1931 319 1968 exereitum
347 1942 465 1979 seque
493 1931 623 1979 ipsum
642 1930 781 1967 occisis
799 1930 975 1978 Pompeji
992 1931 1131 1977 legatis
1150 1931 1311 1968 tradidit
1328 1933 1446 1970 Octa·

103 1993 218 2029 viano
246 2004 279 2029 a.
310 1993 395 2030 716.
448 1992 510 2029 Ab
547 1993 620 2029 hoc
657 1992 915 2028 libentissime
952 1995 1137 2040 exceptus
1173 1995 1213 2029 et
1239 1993 1295 2030 ita
1322 1994 1444 2032 hono-

102 2057 209 2092 ratus
239 2057 318 2104 est,
347 2057 391 2091 ut
417 2054 545 2091 aureis
573 2054 699 2090 anulis
719 2053 998 2091 condecoratus
1025 2054 1067 2090 in
1093 2056 1313 2102 equestrem
1340 2057 1444 2093 ordi-

101 2127 192 2154 nem
219 2117 508 2153 adscriberetur
536 2113 634 2168 (Dio
663 2116 732 2166 48,
771 2112 868 2169 45.).
928 2116 1191 2153 Nihilominus
1227 2119 1358 2154 tamen
1391 2118 1442 2155 ad

103 2179 191 2215 Sex.
219 2178 446 2227 Pompejum
482 2190 516 2215 a.
545 2178 630 2215 718.
659 2178 777 2215 rediit
804 2174 911 2230 (Dio
938 2178 1006 2228 48,
1035 2175 1139 2230 54).
1193 2179 1269 2215 Sed
1304 2179 1442 2219 eodem

102 2251 202 2277 anno
236 2252 391 2277 rursum
426 2240 592 2277 descivit
627 2240 676 2276 ad
712 2240 970 2278 Octavianum
996 2236 1094 2292 (Dio
1122 2241 1191 2290 49,
1221 2236 1279 2293 1.)
1308 2243 1347 2278 et
1372 2253 1440 2290 pe-

105 2429 143 2467 4,
171 2431 203 2463 8.
234 2432 431 2464 Monument.
462 2432 624 2472 Ancyran.
655 2432 766 2464 tabula
796 2433 839 2464 ΙΙ.
879 2441 900 2463 a
930 2431 1064 2470 dextra,
1094 2432 1165 2464 init.
1199 2432 1360 2473 (Sueton.
1385 2433 1436 2466 ed.

104 2473 198 2507 wolf.
220 2479 285 2509 vol.
309 2479 334 2509 Ι.
357 2488 390 2519 p.
418 2477 531 2518 374.):
556 2477 670 2515 „Mare
693 2478 810 2518 pacavi
833 2486 854 2508 a
876 2477 1106 2518 praedonibus.
1139 2477 1190 2510 Eo
1213 2479 1296 2510 bello
1320 2488 1434 2510 servo-

104 2528 173 2550 rum
195 2522 248 2560 qui
268 2523 427 2563 fugissent
449 2532 469 2553 a
501 2522 635 2553 dominis
659 2523 726 2553 suis
751 2525 784 2554 et
798 2531 888 2555 arma
904 2525 1019 2554 contra
1034 2523 1260 2564 rempublicam
1283 2524 1434 2563 tulerunt,

104 2560 272 2651 [trigqisstssa.
298 2568 366 2599 fere
395 2568 494 2599 millia
525 2570 621 2609 capta
654 2567 790 2600 dominis
814 2567 857 2599 ad
879 2568 1068 2610 supplicium
1097 2568 1282 2600 sumendum
1314 2567 1431 2600 tradidi

103 2619 146 2646 sc⁸
237 2633 244 2642 .
276 2612 283 2623 '
