1679 2948
648 168 925 210 ὓ,89η

127 287 236 326 esse,
262 278 307 313 ut
332 276 551 314 mordacem
583 278 756 315 libertini
782 278 971 315 Venusini
1004 278 1123 315 filium
1157 279 1379 317 commodus
1407 281 1456 318 ad

126 349 168 374 se
204 337 438 375 admitteret.
500 340 582 376 Nec
624 341 756 376 tamen
788 340 1002 377 Kirchnero
1030 341 1221 377 assentior
1255 343 1456 391 statuenti,

125 398 394 436 Maecenatem
420 400 492 437 hac
518 401 605 448 ipsa
639 402 772 447 ecloga
798 403 1051 449 propensiore
1078 402 1120 438 in
1144 403 1350 439 Horatium
1376 403 1458 439 ani-

125 469 189 496 mo
216 462 359 497 sactum
394 472 501 511 esse,
538 472 702 509 eumque
739 463 927 510 paulatim
952 463 994 500 in
1021 464 1230 500 amicorum
1254 475 1459 501 numerum

125 521 392 570 adscripsisse.
445 523 566 559 Immo
594 534 679 559 cum
707 524 826 560 semel
853 536 940 560 eum
967 525 1126 571 dignum
1144 526 1316 576 haberet⁷
1344 537 1460 573 quem

125 582 167 618 in
192 584 465 620 familiaritatis
493 585 629 621 foedus
655 585 911 635 adscisceret,
938 597 1018 622 non
1042 597 1274 636 magnopere
1301 588 1460 625 curabat

125 645 310 692 probrum
345 645 420 682 sibi
455 646 625 695 illatum,
670 647 814 694 quippe
851 647 959 693 cujus
995 658 1171 684 caussam
1212 649 1312 685 bene
1347 651 1460 686 norat

125 701 202 755 (cf.
238 707 395 742 Passov.
430 709 510 743 not.
550 704 677 759 129.)
739 709 925 755 Alioquin
958 720 1114 745 versum
1148 710 1233 745 tolli
1261 710 1457 755 jussisset.

126 767 202 803 Sed
228 770 315 803 utut
342 768 414 804 hoc
440 769 534 817 fuit,
564 768 611 803 de
639 770 766 803 aetate
795 769 936 804 satirae
967 770 1061 805 satis
1083 770 1165 815 jam
1191 770 1339 817 liquere
1359 772 1460 808 arbi-

124 830 216 864 tror.
269 829 429 875 Scripta
463 831 622 866 videtur
655 840 742 866 esse
777 840 886 866 anno
913 841 952 866 u.
980 841 1011 866 c.
1041 831 1145 867 714.
1197 832 1354 868 Etenim
1388 843 1460 869 nec

123 889 232 936 prius
259 890 371 926 facile
398 891 548 939 potuit,
578 891 669 938 quia
696 890 810 926 unius
846 891 938 926 anni
975 892 1101 939 spatio
1136 892 1337 928 minimum
1363 904 1461 940 opus

125 954 230 1001 erat,
257 953 301 987 ut
328 954 444 999 poeta
472 963 492 987 e
519 952 621 988 bello
648 952 891 999 Philippensi
917 952 1042 988 redux
1060 964 1190 989 rerum
1207 955 1246 989 et
1263 954 1461 991 hominum

123 1011 166 1047 in
191 1012 287 1049 urbe
315 1013 556 1049 conditiones
583 1016 835 1061 pernosceret
852 1037 900 1041 -
926 1025 1000 1050 nce
1026 1015 1242 1062 posteriore
1271 1017 1459 1067 tempore,

124 1073 230 1121 quod
263 1074 518 1122 improbabile
555 1077 615 1111 est
650 1086 738 1110 cum
772 1074 882 1111 brevi
917 1077 1006 1123 post
1033 1076 1133 1111 hanc
1159 1076 1460 1114 ludificationem

123 1134 343 1171 Maecenati
378 1147 419 1171 se
456 1136 716 1172 commendari
751 1147 910 1183 passum
951 1136 1083 1172 fuisse.
1143 1137 1295 1173 Primus
1330 1141 1461 1176 autem

121 1196 275 1233 Horatii
311 1199 350 1233 et
384 1198 623 1233 Maecenatis
660 1207 890 1243 congressus
926 1197 1064 1233 incidit
1103 1198 1142 1233 in
1185 1198 1331 1234 exitum
1368 1200 1461 1236 anni

124 1269 160 1294 u.
198 1269 230 1294 c.
267 1258 351 1294 715.
391 1259 452 1294 vel
486 1259 527 1294 in
562 1258 717 1295 initium
751 1270 786 1294 a.
823 1258 908 1294 716.
944 1279 995 1285 —
1052 1258 1112 1294 Ita
1147 1260 1329 1296 convenit
1363 1261 1460 1297 mihi

123 1330 211 1355 cum
237 1319 438 1356 Kirchner.
468 1322 616 1368 quaest.
644 1331 682 1367 p.
699 1319 758 1356 52.
778 1321 818 1355 et
834 1319 1046 1356 WVeichert.
1075 1322 1179 1367 poet.
1207 1321 1275 1357 rel.
1304 1333 1342 1369 p.
1371 1323 1456 1359 300.

124 1383 164 1417 et
198 1381 283 1417 453.
312 1381 359 1416 de
387 1382 476 1418 Var.
505 1383 545 1416 et
573 1383 680 1418 Cass.
709 1394 746 1428 p.
776 1381 835 1416 41.
864 1401 913 1408 —
965 1381 1054 1417 Non
1087 1384 1192 1417 recte
1230 1383 1454 1420 Grotefend.

122 1453 160 1490 p.
191 1442 276 1477 461.
306 1443 464 1478 satiram
491 1453 592 1478 anno
619 1442 729 1490 717.;
764 1441 971 1478 Paldamus
1005 1442 1047 1478 in
1073 1443 1193 1479 libro:
1232 1443 1362 1480 Ueber
1387 1445 1459 1481 Ur-

124 1513 269 1550 sprung
295 1503 375 1538 und
402 1503 552 1549 Begriff
573 1503 642 1539 der
668 1502 792 1539 Satire
818 1514 856 1550 p.
876 1502 936 1539 24.
965 1514 1052 1539 ann.
1081 1504 1307 1540 712—713.
1335 1508 1459 1542 ortam

123 1575 210 1600 esse
239 1563 382 1600 dicunt.

224 1688 489 1725 SATmAM
515 1688 601 1725 111.
645 1688 874 1739 „Omnibus
890 1690 964 1727 hoc
980 1691 1120 1727 vilium
1139 1692 1223 1729 esc?7
1240 1694 1329 1739 post
1345 1703 1457 1740 prae-

124 1750 327 1788 cedentem
363 1751 546 1798 scriptam
581 1762 666 1787 esse
702 1753 784 1787 tum
819 1751 909 1787 inde
945 1752 1128 1801 efficitur,
1165 1753 1269 1799 quod
1303 1753 1456 1799 Tigellii

119 1815 277 1860 pridem
304 1810 484 1859 defimcte'
509 1813 654 1849 mentio
681 1813 744 1861 fit,
772 1814 854 1848 tum
871 1813 974 1859 quod
991 1815 1108 1860 poeta
1134 1813 1353 1850 Maecenati
1373 1813 1457 1860 jam

123 1874 299 1921 cognitus
327 1874 420 1922 fuit,
451 1875 494 1909 ut
521 1875 629 1920 patet
656 1885 676 1909 e
703 1885 803 1909 vers.
831 1873 880 1908 63
909 1884 988 1920 sq.:

322 1934 542 1982 Simplicior
568 1934 654 1981 quis
683 1936 722 1970 et
749 1936 828 1984 est,
865 1937 1030 1982 qualem
1055 1946 1119 1972 me
1143 1946 1266 1983 saepe
1291 1937 1457 1975 libenter

322 1997 543 2035 obtulerim
568 1996 656 2046 tibi,
683 1997 915 2043 Maecenas,
942 1998 984 2031 ut
1010 1997 1108 2032 forte
1136 1997 1330 2043 legentem

322 2058 404 2095 Aut
430 2057 590 2093 tacitum
615 2057 788 2105 impellat
815 2058 950 2105 quovis
979 2068 1176 2095 sermone:
1204 2060 1412 2096 Molestus!

322 2119 525 2156 Communi
552 2129 666 2155 sensu
693 2119 806 2166 plane
835 2121 960 2168 caret,
988 2119 1194 2167 inquimus.
1248 2120 1380 2171 Eheu,

323 2181 449 2224 Quam
474 2183 620 2217 temere
646 2181 688 2217 in
714 2182 865 2217 nosmet
898 2181 1023 2226 legem
1051 2181 1242 2217 sancimus
1269 2182 1452 2230 iniquam.

123 2242 204 2282 Nec
231 2242 398 2279 fallimur
423 2242 581 2292 opinor,
610 2241 643 2277 si
671 2243 842 2288 eclogam
865 2246 1054 2289 prooeime
1079 2245 1168 2290 post
1193 2243 1265 2293 IL,
1302 2254 1374 2280 nee
1400 2244 1455 2280 ita

124 2304 244 2340 multo
270 2306 359 2351 post
392 2303 557 2351 primam
591 2314 678 2340 cum
711 2304 938 2340 Maecenate
973 2304 1286 2350 congressionem
1320 2316 1454 2342 exara-

124 2366 205 2402 tam
230 2377 316 2402 esse
344 2365 518 2402 dicimus.
577 2365 677 2402 Nam
710 2365 814 2412 quod
848 2365 974 2401 denuo
1009 2366 1057 2402 ab
1091 2366 1203 2403 initio
1229 2376 1453 2414 perversam

128 2424 318 2463 demortui
351 2427 504 2474 Tigellii
539 2425 697 2462 vivendi
730 2425 920 2462 rationem
961 2426 1136 2475 pluribus
1181 2428 1371 2476 exagitat,
1410 2426 1452 2463 id

127 2484 354 2526 documento
388 2490 468 2539 est,
503 2487 643 2537 fuisse,
680 2487 746 2536 qui
778 2487 921 2536 probro
957 2488 1093 2525 darent
1126 2489 1308 2537 Horatio,
1348 2487 1451 2536 quod

127 2546 169 2584 in
214 2549 331 2586 satira
376 2550 412 2589 2.
457 2551 541 2589 tum
581 2549 738 2587 omnino
790 2550 926 2587 acerbe
970 2549 1011 2587 in
1052 2550 1232 2599 aequales
1274 2550 1449 2587 invectus
