1643 2959
219 384 441 422 percussum
468 375 559 412 dicit
584 372 645 410 od.
676 373 712 423 1,
741 373 799 410 19.
827 374 862 411 5.
890 375 930 410 et
954 374 992 423 3,
1023 373 1081 411 19.
1109 375 1171 412 fin.
1199 378 1245 414 cf.
1270 387 1367 426 quae
1384 378 1465 418 dixi
1482 379 1530 417 de

218 434 280 472 od.
310 436 344 486 1,
374 437 430 471 19.
458 453 508 464 ·-·
532 433 687 471 Kirchn.
714 433 799 471 731.

315 553 557 590 cARMEN
587 555 772 592 XXXI·
814 556 952 606 »Quid
977 558 1233 597 dedicatum„
1256 569 1291 595 a.
1319 558 1403 596 726.
1429 572 1530 599 com-

213 614 342 662 posuit
368 617 505 665 poeta,
532 627 619 653 cum
644 614 878 654 Octavianus
903 618 1093 666 Apollinis
1119 619 1302 667 templum
1327 622 1367 656 et
1391 620 1529 660 biblio-

213 674 364 711 thecam
388 675 430 712 in
455 676 628 713 Palatino
653 678 726 714 rite
755 678 998 715 dedicaturus
1026 682 1118 717 erat.
1170 679 1325 718 Sueton.
1352 682 1439 719 Oct.
1464 682 1526 720 29.

212 734 289 771 Dio
317 736 421 774 cass.
449 737 511 787 53,
540 737 573 775 1.
601 739 646 777 cf.
675 739 843 776 Masson.
871 750 908 787 p.
939 740 1020 778 187.
1049 742 1088 778 et
1114 741 1261 780 Grotef.
1286 753 1324 790 p.
1351 738 1494 781 469.b.
1542 763 1543 767 =

315 857 557 896 cARMnN
580 859 779 899 xxxa.
823 863 1091 911 „Poscz‘mur”
1129 863 1191 900 vir
1215 862 1371 913 quidam
1396 862 1532 902 doctus

207 917 250 954 in
276 919 512 966 ephemerid.
548 922 666 969 antiq.
693 923 911 959 Darmstad.
939 934 1027 960 ann.
1057 923 1164 960 1834.
1191 933 1229 973 p.
1257 925 1342 961 979.
1369 927 1529 973 propter

205 978 424 1016 obsoletum
451 980 545 1017 illud
571 984 782 1030 „cunque”
814 983 856 1018 in
881 994 917 1019 v.
947 984 1029 1032 15.,
1070 984 1172 1032 quod
1210 996 1252 1021 se
1286 985 1348 1022 bis
1382 987 1531 1022 tantum

206 1035 382 1091 (Lucrct.
412 1036 455 1088 5,
483 1042 567 1076 313.
596 1038 703 1092 583.)
731 1042 904 1079 absolute
930 1043 1098 1089 positum
1123 1044 1328 1081 invenisse
1354 1046 1529 1096 affirmat,

206 1099 387 1146 primi-tiis
415 1103 553 1147 poetae
580 1102 905 1139 annumerandum
932 1114 1017 1139 esse
1045 1103 1217 1151 conjecit.
1272 1104 1416 1154 „Sollte
1441 1116 1532 1142 man

205 1159 334 1209 nicht,
375 1161 521 1211 inquit,
562 1173 632 1198 aus
667 1163 812 1199 diesem
845 1163 1093 1200 Archaismus
1127 1165 1339 1202 schliessen
1380 1166 1530 1212 diirfen,

206 1220 296 1256 dass
324 1222 463 1271 Horaz,
493 1222 561 1259 der
587 1234 659 1260 nur
685 1224 726 1260 in
751 1224 885 1260 seinen
910 1224 1107 1261 sriihesten
1133 1226 1356 1262 Versuehen
1381 1227 1529 1273 einiges

204 1282 524 1319 Alterthiimliche
571 1285 751 1331 vermiige
798 1285 925 1321 seiner
970 1285 1131 1321 Studien
1177 1285 1529 1323 durchsehimmern

205 1341 314 1392 lasst,
332 1343 428 1379 auch
442 1354 559 1380 unser
574 1345 739 1382 Gedicht
750 1347 794 1382 in
811 1348 887 1382 den
901 1347 1135 1393 zwanziyer
1145 1346 1306 1383 Jahren
1323 1347 1473 1384 schrieb
1482 1344 1528 1384 ‘3³’

205 1402 303 1438 Mihi
330 1414 408 1439 non
434 1405 636 1452 persuasit.
689 1407 740 1442 Et
764 1406 928 1442 immane
964 1408 1149 1452 quantum
1182 1406 1301 1443 etiam
1324 1406 1528 1445 Kirchneri

205 1464 244 1499 et
273 1464 498 1501 Grotefendi
525 1467 839 1514 computationes,
867 1466 915 1502 ab
942 1465 1019 1502 ista
1044 1465 1265 1512 conjectura
1291 1466 1527 1517 discrepant,

205 1531 367 1570 quorum
401 1526 465 1561 ille
499 1527 612 1563 odam
638 1538 738 1563 anno
765 1527 864 1577 731.,
892 1526 954 1565 hic
980 1523 1039 1580 (p.
1068 1527 1151 1564 471.
1167 1524 1225 1579 a.)
1259 1537 1346 1564 ann.
1373 1527 1459 1564 728.
1485 1530 1528 1564 et

204 1585 288 1621 729.
317 1587 579 1633 consignatam
606 1599 691 1625 esse
719 1588 863 1625 statuit.
905 1587 1120 1625 Modestior
1144 1587 1325 1635 equidem
1349 1597 1525 1637 propono

203 1654 289 1681 ann.
320 1646 544 1684 724—730.

301 1768 409 1811 Quae
436 1768 484 1806 de
518 1771 691 1817 tempore
725 1768 1009 1806 CARMINIS
1033 1769 1254 1808 xxxln.
1298 1768 1444 1819 „Atb2·‚
1470 1779 1524 1807 ne

199 1830 367 1865 doleas-³>
400 1831 439 1865 et
472 1832 634 1877 possunt
658 1831 822 1878 proferri
849 1834 888 1867 et
912 1831 1062 1878 prolata
1089 1832 1198 1879 sunt,
1236 1841 1284 1867 ea
1308 1831 1438 1868 omnia
1461 1831 1522 1867 ni-

199 1891 333 1926 tuntur
359 1889 587 1936 conjecturis
615 1891 747 1939 eisque
772 1891 884 1927 valde
909 1891 1088 1928 incertis:
1137 1891 1238 1927 Hinc
1271 1891 1338 1928 alii
1370 1891 1413 1927 in
1444 1890 1523 1928 ah'a

201 1949 439 2000 inciderunt,
475 1953 604 1988 tamen
629 1953 672 1988 ut
698 1963 809 1988 suum
836 1951 997 1999 quisque
1026 1951 1216 1997 judicium
1249 1951 1434 2000 speciosis
1460 1961 1520 1987 ar-

199 2011 389 2055 gumentis
416 2021 552 2048 ornare
586 2014 626 2048 et
651 2013 822 2049 stabilire
848 2012 1049 2048 studuerit.
1077 2035 1126 2041 —-
1153 2012 1380 2050 consolatur
1403 2013 1520 2059 poeta

199 2070 362 2108 Albium
389 2072 590 2109 Tibullum
625 2073 672 2109 de
706 2073 867 2121 perfidia
896 2072 1092 2123 Glycerae
1125 2073 1294 2120 graviter
1328 2073 1519 2109 dolentem

202 2129 447 2180 doloremque
474 2145 584 2169 suum
603 2135 927 2182 „miserabilibus
953 2135 1098 2181 ele92’377
1124 2133 1394 2170 effundentem.
1429 2132 1518 2168 Jam

197 2201 286 2228 cum
311 2193 351 2228 in
368 2193 509 2230 Tibulli
526 2194 770 2243 carminibus,
798 2205 896 2241 quae
914 2194 1069 2241 quidem
1085 2193 1301 2240 supersunt,
1327 2201 1517 2238 nusquam

198 2255 431 2290 memoretur
445 2254 609 2300 Glycera
625 2254 827 2303 quaedam,
842 2265 969 2302 neque
989 2264 1077 2290 vero
1097 2253 1265 2289 dubitari
1283 2253 1406 2300 possit
1424 2252 1516 2302 quin

198 2311 371 2349 Tibullus
394 2320 512 2360 poeta
544 2315 813 2361 intelligendus
841 2316 911 2351 sit:
945 2313 1158 2351 rectissime
1183 2313 1356 2361 plerique
1383 2313 1424 2348 id
1446 2323 1514 2349 no-

199 2382 288 2411 men
314 2373 441 2409 fictum
467 2375 657 2424 habuere,
686 2387 760 2423 quo
786 2375 968 2412 Horatius
996 2375 1157 2411 amicam
1183 2374 1348 2422 aliquam
1372 2372 1515 2410 Tibulli

199 2432 453 2478 insigniverit.
505 2436 566 2471 Ab
594 2436 666 2472 hac
692 2437 809 2482 igitur
843 2436 1035 2472 sententia
1068 2435 1262 2483 progressi
1295 2433 1396 2470 inter
1425 2435 1512 2471 De·-

196 2496 306 2542 liam,
333 2492 519 2530 Nemesin
545 2498 584 2530 et
609 2497 812 2534 Neaeram
837 2496 1018 2541 deligunt.
1073 2495 1175 2538 Quin
1200 2494 1316 2530 etiam
1341 2495 1512 2542 tempore

197 2553 449 2600 probabiliter
483 2555 713 2604 constituto,
753 2566 828 2602 quo
853 2556 1027 2592 Tibullus
1061 2556 1159 2593 hanc
1176 2554 1334 2591 illamve
1361 2554 1511 2601 amarit,

195 2615 376 2651 carminis
403 2616 603 2653 Horatiani
631 2617 796 2652 aetatem
829 2617 934 2652 certo
970 2615 1126 2653 definire
1162 2618 1355 2653 conantur.
1410 2616 1509 2658 Qua-
