1643 2959
729 235 784 240 --
827 213 1002 254 144-

400 319 508 356 Neve
534 321 572 354 te
598 319 741 355 nostris
767 320 872 356 vitiis
898 321 1074 369 iniquum

732 381 848 417 Ocior
873 392 967 417 aura

399 439 545 490 Tollat3
574 440 635 477 hic
662 451 820 487 magnos
847 443 976 490 potIus
1003 442 1232 493 triumphos,

395 500 469 536 Hic
495 511 600 538 ames
629 501 705 539 dici
730 503 844 540 Pater
870 506 985 551 atque
1011 504 1210 554 Princeps,

396 560 484 598 Neu
510 562 615 599 sinas
642 564 780 600 Medos
807 565 981 612 equitare
1008 565 1151 601 inultos

729 626 785 662 Te
814 626 932 675 duce,
964 626 1125 662 Caesar!

196 680 256 716 Ex
282 680 342 717 his
367 682 491 731 liquet
523 684 640 735 mihi,
675 688 797 723 odam
832 698 942 724 anno
968 698 1006 724 u.
1034 699 1064 724 c.
1094 687 1200 724 725.
1227 688 1409 737 scriptam
1436 700 1521 726 esse

195 760 246 769 —-
270 742 311 778 id
337 745 440 791 quod
466 745 618 793 pridem
650 747 832 783 viderunt
857 749 900 785 T.
931 748 1057 785 Faber
1083 750 1122 784 et
1148 750 1287 786 Dacer.
1339 742 1523 788 Animum

194 803 352 840 adverte
380 806 430 845 ad
457 807 617 853 singula.
672 809 784 851 Quod
816 809 982 856 primum
1017 810 1111 846 dicit
1138 812 1292 859 „Serus
1325 813 1369 848 in
1405 822 1437 849 c.
1463 813 1524 849 Ν)

194 864 236 900 id
268 876 513 915 nequaquam
548 869 671 918 cogit,
706 871 749 905 ut
784 869 830 905 de
865 871 999 906 morbo
1036 871 1226 921 Augusti,
1263 882 1338 919 quo
1373 883 1406 908 a.
1435 872 1520 909 730.

193 930 390 975 correptus
418 930 545 979 fuerit,
575 931 720 975 cogites
745 952 796 958 -—-
821 933 864 966 ut
891 932 965 967 sibi
993 933 1187 978 persuasit
1214 933 1423 983 Vanderb.,
1452 933 1522 969 sed

191 989 339 1036 optatio
367 992 426 1024 est
451 991 509 1026 rei
543 993 704 1028 naturae
741 1001 856 1037 quam
890 992 1056 1027 maxime
1093 995 1372 1042 consentanea,
1408 1005 1520 1041 prae-

191 1049 324 1085 sertim
350 1061 437 1086 eum
463 1051 697 1087 Octavianus
725 1063 877 1099 semper
903 1053 983 1088 fere
1010 1064 1146 1100 parum
1172 1054 1279 1090 firma
1297 1054 1519 1092 valetudine

190 1111 327 1148 fruitus
355 1111 416 1148 sit.
469 1112 515 1149 In
543 1113 677 1151 eadem
704 1114 897 1164 oratione,
933 1114 974 1150 in
1011 1125 1086 1162 qua
1121 1127 1162 1150 se
1198 1116 1319 1162 patris
1354 1115 1520 1152 ultorem

190 1172 308 1223 dixit,
349 1173 464 1221 hujus
505 1186 657 1225 quoque
696 1177 754 1214 rei
792 1177 1026 1213 mentionem
1064 1176 1156 1213 fecit
1195 1179 1351 1213 auctore
1389 1176 1518 1214 Dione

190 1236 295 1271 Cass.
324 1236 385 1285 53,
413 1237 471 1274 8.z
504 1238 658 1283 „auzog
691 1251 732 1275 τε
765 1237 841 1289 γὰρ
876 1241 941 1276 καὶ
975 1240 1201 1285 πεπόνημαι
1233 1239 1299 1275 καὶ
1333 1236 1518 1275 τεταλαι-

187 1295 392 1348 πιόρημαι,
420 1300 485 1334 καί
513 1299 633 1336 οὐκέτ’
662 1298 748 1336 οὔτε
776 1300 823 1350 τῇ
850 1301 957 1351 ψυχῇ
992 1298 1080 1336 οὔτε
1116 1298 1175 1349 τῴ
1210 1300 1368 1347 σώματι
1403 1299 1517 1337 ἀντέ-

182 1369 266 1406 χειν
293 1354 502 1407 δύναμαι.”
527 1382 578 1387 -
605 1361 713 1403 Quae
743 1364 956 1409 sequuntur
981 1361 1123 1397 verba:
1159 1362 1301 1410 „Neve
1326 1365 1364 1398 te
1388 1365 1513 1398 nostr.

184 1421 290 1456 viliis
323 1422 416 1468 iniq.
455 1432 488 1458 0.
527 1433 564 1458 a.
600 1423 655 1459 tf>
705 1425 810 1459 certo
855 1423 995 1459 docent
1037 1433 1191 1459 carmen
1224 1433 1303 1458 non
1345 1423 1434 1457 ante
1478 1431 1513 1458 a.

185 1479 268 1516 725.
298 1482 552 1529 compositum
579 1495 678 1532 esse,
708 1485 851 1532 quippe
881 1496 955 1532 quo
984 1485 1218 1520 Octavianus
1237 1494 1324 1520 cum
1339 1482 1514 1531 Agrippa

183 1552 333 1578 morum
358 1544 624 1589 magisterium
659 1545 777 1581 subiit
804 1543 902 1598 (Dio
929 1546 997 1593 52,
1027 1545 1086 1581 42.
1115 1545 1273 1592 interpr.
1310 1544 1360 1580 ad
1385 1544 1447 1593 53,
1477 1543 1510 1580 l.

184 1599 302 1652 (Strz.
330 1605 404 1640 vol.
433 1605 496 1641 VI.
526 1617 562 1652 p.
592 1606 651 1641 59.
679 1608 759 1641 not.
788 1604 847 1658 7.)
874 1608 950 1643 Dio
978 1607 1047 1655 54,
1078 1606 1137 1642 10.
1191 1606 1346 1642 Sueton.
1377 1605 1511 1641 Octav.

182 1664 241 1701 27.
268 1661 366 1714 fin),
394 1665 435 1701 id
462 1666 564 1712 quod
590 1667 793 1702 Horatium
819 1668 1039 1714 respexisse
1059 1667 1234 1703 arbitror.
1260 1688 1311 1694 —
1337 1667 1510 1713 Sequun-

181 1727 244 1761 tur
271 1726 442 1762 clariora.
469 1727 632 1772 Magnos
652 1728 865 1775 triumphos
883 1731 999 1775 poeta
1017 1733 1127 1775 optat
1143 1728 1366 1765 Octaviano.
1403 1727 1508 1770 Quos

180 1797 258 1823 non
284 1789 457 1835 optasset
483 1789 631 1835 opinor,
660 1789 692 1824 si
718 1792 807 1836 post
835 1790 1024 1837 triplicem
1051 1790 1287 1838 triumphum
1305 1799 1406 1826 anno
1424 1788 1509 1826 725.

180 1849 307 1885 medio
335 1851 463 1885 actum
490 1850 585 1886 haec
621 1850 852 1897 scripsisset.
904 1852 1026 1897 Hujus
1063 1851 1166 1887 haud
1201 1852 1318 1888 dubie
1353 1849 1508 1887 honori-

179 1911 288 1946 ficam
323 1911 558 1946 mentionem
592 1911 802 1956 injecisset.
853 1913 941 1949 Jam
976 1924 1063 1948 eum
1090 1915 1294 1960 praeterea
1321 1916 1437 1961 optet,
1464 1912 1507 1947 ut

177 1972 312 2008 Patris
338 1974 452 2018 atque
479 1973 680 2019 Principis
705 1984 846 2009 nomen
871 1984 950 2009 non
977 1974 1206 2019 dedignetur
1233 1984 1383 2009 sumere
1410 1972 1446 2008 h.
1472 1982 1504 2008 e.

177 2034 220 2068 ut
245 2043 323 2069 non
350 2033 538 2069 detrectet
573 2045 761 2070 summum
795 2035 1020 2084 imperium,
1063 2035 1227 2082 denique
1268 2036 1310 2070 ut
1342 2032 1504 2069 Parthos

177 2094 329 2130 sortiter
355 2094 563 2141 propellat:
600 2096 686 2142 quis
715 2098 794 2145 est,
823 2096 917 2142 quin
945 2099 1121 2143 apertum
1156 2107 1240 2132 esse
1270 2094 1392 2142 dicat,
1421 2104 1503 2129 car-

176 2165 265 2190 men
291 2157 379 2191 antc
409 2155 610 2192 Octaviani
637 2157 806 2193 reditum
833 2168 882 2193 ex
910 2157 1082 2206 Oriente,
1111 2167 1185 2204 quo
1203 2154 1383 2192 Parthica
1401 2164 1503 2190 com·

176 2219 370 2265 posuerat,
400 2217 586 2264 seriptum
611 2228 710 2267 esse,
739 2220 778 2253 et
805 2218 961 2265 quidem
986 2218 1143 2253 ineunte
1171 2227 1271 2253 anno
1299 2215 1397 2264 725.,
1425 2225 1501 2262 quo

177 2277 510 2324 splendidissimus
537 2279 600 2315 ille
628 2279 845 2326 triumphus
869 2279 1087 2314 aRomanis
1104 2278 1399 2326 praepararetur
1415 2276 1500 2312 alii-

176 2348 249 2385 que
277 2338 442 2374 honores
479 2340 514 2375 ei
549 2337 874 2376 decernerentur‘l
926 2341 984 2376 Eo
1011 2342 1160 2376 tautum
1194 2342 1388 2386 tempore,
1422 2346 1499 2384 quo

177 2399 410 2436 Octavianus
437 2401 606 2437 nondum
633 2402 757 2438 Patris
794 2404 832 2436 et
858 2402 1058 2448 Princiln's
1090 2401 1247 2437 nomina
1280 2409 1498 2445 assumpse-

173 2463 247 2509 rat,
274 2460 456 2497 Horatius
485 2463 573 2507 apte
601 2473 737 2498 canere
765 2462 909 2509 potuit:
930 2464 1040 2511 „Hic
1067 2473 1176 2499 ames
1201 2462 1279 2498 diez·
1303 2461 1391 2497 Pat.
1419 2463 1497 2507 atq.

175 2523 352 2571 Princfi,
378 2521 560 2557 nimirum
586 2523 835 2569 praesagiens
863 2524 1011 2572 animo,
1040 2523 1132 2558 talia
1158 2531 1305 2557 summo
1331 2522 1495 2568 impera-

173 2583 261 2629 tori,
287 2585 331 2619 ut
356 2583 447 2619 olim
471 2583 573 2620 Julio
602 2583 771 2632 Caesari,
799 2582 985 2619 tributum
1012 2583 1070 2619 iri.
1124 2583 1236 2620 Certe
1260 2583 1390 2630 patris
1411 2591 1493 2628 pa-
