1643 2959
670 195 944 238 —218—-

150 319 217 355 ges
245 307 293 345 de
319 306 517 345 adulteriis
544 306 584 341 et
610 302 800 352 pudicitia
833 304 949 351 atque
985 301 1033 339 de
1068 303 1295 342 maritandis
1329 303 1476 342 ordini-

150 370 222 406 bus
248 381 281 407 a.
310 369 394 406 736.
421 368 519 403 latas
546 360 645 417 (Dio
673 366 780 402 Cass.
816 364 886 414 54,
916 363 974 400 16.
1010 363 1104 412 ibiq.
1140 364 1300 412 interpr.
1328 362 1489 416 (Sturz.'

148 432 222 468 vol.
249 431 311 467 VI.
339 440 377 476 p.
406 425 515 479 115.)
548 426 654 475 Lips.
692 437 773 464 exc.
807 425 858 462 ad
890 426 980 463 Tac.
1017 425 1118 461 Ann.
1156 425 1192 460 3.
1226 424 1320 462 Hor.
1346 427 1408 465 od.
1436 429 1474 476 4,

150 493 210 530 15.
253 486 333 542 10.)
374 489 570 537 respectas
612 499 698 525 esse
743 486 887 525 dudum
928 486 1238 524 animadversum
1280 486 1340 523 est
1380 487 1474 525 viris

149 551 283 590 doctis.

244 673 487 712 camum*
511 673 591 710 w.
634 675 769 724 „Utve
793 683 912 723 quem
934 672 1097 721 proles„
1133 671 1175 709 in
1211 672 1388 709 confesso
1415 660 1477 708 est¹

147 739 346 775 exaratum
380 747 466 774 esse
501 747 535 773 a.
565 735 650 772 737.
691 747 778 772 cum
815 735 976 773 Horatio
1011 733 1263 771 honorificum
1296 732 1478 770 carminis

148 799 355 836 saecularis
382 797 576 835 scribendi
603 808 741 834 munus
767 797 816 834 ab
835 798 1011 843 Augusto
1037 796 1252 843 injunctum
1277 797 1382 832 esset
1407 790 1477 846 (cs.

145 861 317 897 Masson.
344 860 412 896 vit.
438 859 487 896 H.
515 870 552 907 p.
580 859 665 895 318.
695 859 840 895 Grotef.
870 869 907 906 p.
936 858 1021 894 475.
1046 857 1084 894 b.
1113 857 1269 894 Kirchn.
1306 859 1333 893 t.
1361 851 1477 908 chr.).

146 921 272 968 Hujus
299 921 402 957 enim
428 919 710 968 quodammodo
737 921 952 968 προοίμιον
977 921 1037 954 est
1063 914 1131 969 (cf.
1158 929 1194 954 v,
1222 915 1330 970 42.),
1356 916 1475 965 idque

146 984 274 1020 ortum
300 993 350 1018 ex
378 981 484 1027 justa
510 980 678 1026 quadam
705 979 887 1026 superbia
914 981 953 1014 et
980 979 1040 1014 sui
1066 977 1225 1027 fiducia,
1261 988 1337 1026 qua
1362 980 1479 1025 poeta

147 1042 394 1090 efferebatur,
424 1051 475 1077 ex
494 1050 569 1087 quo
596 1042 770 1087 tempore
789 1039 971 1075 virtutem
999 1048 1107 1074 suam
1133 1038 1327 1086 poeticam
1353 1040 1394 1074 et
1418 1049 1479 1074 ar·

145 1106 224 1140 tem
250 1114 337 1139 eum
362 1113 385 1138 a
411 1101 642 1149 primoribus
669 1101 763 1137 viris
797 1102 879 1136 tum
906 1099 954 1137 ab
981 1100 1067 1148 ipso
1092 1100 1269 1147 Augusto
1295 1099 1351 1136 ita
1377 1109 1480 1136 com-

146 1164 348 1214 probatam
374 1174 460 1199 esse
487 1162 752 1211 intellexerat,
789 1164 832 1198 ut
871 1172 921 1198 ex
959 1171 1170 1208 permagno
1204 1163 1408 1209 poetarum
1434 1160 1479 1198 il-

144 1227 220 1263 lius
247 1225 387 1262 aetatis
413 1234 529 1270 grege
557 1224 660 1260 solus
687 1223 896 1260 haberetur
930 1222 1090 1271 dignus,
1134 1222 1200 1270 qui
1226 1223 1268 1259 in
1302 1221 1478 1259 sollemni

145 1287 326 1325 ludorum
353 1285 606 1322 saecularium
633 1284 891 1322 celebratione
919 1284 1103 1330 hymnum
1129 1283 1169 1319 in
1195 1283 1414 1332 Apollinem
1440 1285 1479 1319 et

146 1349 313 1387 Dianam
340 1349 598 1395 componeret.
652 1346 738 1389 Qua
771 1357 813 1382 re
839 1346 894 1382 nil
920 1356 1044 1393 paene
1080 1345 1117 1381 ei
1152 1345 1314 1391 contigit
1338 1343 1478 1381 laetius

147 1412 263 1458 atque
292 1409 525 1457 exoptatius.
578 1408 640 1445 Ita
674 1407 776 1444 enim
811 1418 896 1444 cum
929 1418 1020 1443 vere
1060 1408 1261 1455 poetarum
1287 1406 1478 1443 Romano·

146 1483 232 1508 rum
257 1471 437 1520 princeps
466 1469 662 1516 judicatus
690 1471 815 1518 esset,
859 1468 941 1504 fieri
983 1478 1062 1504 non
1096 1470 1250 1516 poterat
1281 1467 1375 1515 quin
1400 1477 1477 1503 non

146 1534 271 1570 solum
296 1532 511 1569 invidiosae
537 1530 743 1567 lividorum
776 1529 973 1567 hominum
1007 1529 1166 1566 voculae
1200 1528 1311 1566 brevi
1343 1527 1479 1566 obmu-

146 1596 356 1643 tescerent,
383 1593 454 1629 sed
482 1592 637 1641 publica
663 1593 780 1629 etiam
804 1593 944 1640 poetae
971 1590 1204 1639 aestimatio,
1231 1590 1329 1639 laus,
1356 1588 1477 1626 admi-

146 1655 246 1693 ratio
273 1654 314 1690 in
340 1654 442 1691 diem
469 1656 659 1690 cresceret
685 1656 724 1689 et
750 1653 1015 1699 adaugeretur.
1052 1651 1154 1695 Quid
1181 1651 1319 1687 mirum
1346 1650 1477 1700 igitur,

149 1717 182 1754 si
203 1717 447 1767 „Romanae
458 1713 607 1760 fidicen
632 1716 786 1764 lyraef’,
807 1718 1084 1764 „monstratus
1109 1715 1178 1750 ille
1202 1714 1323 1761 diyae'to
1345 1722 1477 1760 prue-

146 1777 416 1818 tereuneiumv
448 1786 692 1824 nequaquam
718 1776 856 1812 anxius
883 1777 1015 1823 partae
1044 1775 1187 1821 gloriae
1216 1773 1478 1811 dissimulator

148 1836 248 1877 suit?
301 1837 403 1882 Quid
429 1837 587 1886 mirum,
628 1837 661 1874 si
688 1847 875 1884 gencmso
902 1836 1040 1885 spiritu
1065 1835 1198 1872 nescio
1225 1835 1400 1872 dicamne
1426 1845 1477 1871 an

149 1901 340 1938 modestia
376 1900 521 1936 vertice
561 1899 711 1936 sublato
750 1902 949 1935 aeternum
987 1897 1198 1935 carminum
1235 1896 1404 1945 pretium
1437 1896 1479 1932 et

149 1964 335 2000 honorem
359 1960 573 1999 identidem
599 1963 808 2007 auguratus
843 1956 930 1997 cst‘ss
980 1960 1051 1996 Est
1085 1969 1178 1996 sane
1217 1957 1320 2007 quod
1357 1958 1478 1995 laete-

149 2035 236 2062 mur
260 2024 331 2061 hac
359 2022 407 2059 de
434 2033 487 2059 re.
539 2023 638 2060 Nam
664 2022 753 2059 huic
788 2022 863 2070 ipsi
899 2020 1123 2071 superbiae,
1158 2020 1248 2057 huic
1281 2019 1357 2068 ipsi
1382 2018 1477 2056 fidu·

151 2087 233 2123 ciae
260 2084 342 2134 sui,
381 2083 470 2120 huic
496 2084 572 2132 ipsi
599 2083 739 2130 gaudio
766 2095 842 2132 quo
876 2093 1080 2132 percussus
1116 2084 1175 2118 est
1209 2081 1277 2118 ubi
1310 2080 1475 2129 palmam

151 2147 260 2196 tulit,
295 2145 461 2194 primum
496 2144 680 2182 debemus
710 2145 1006 2183 mellitissimum
1048 2140 1317 2179 onmou
1358 2138 1475 2185 hujus

150 2207 240 2245 libri
265 2207 352 2243 111.
409 2205 566 2256 „Quem
591 2211 636 2243 tu
660 2208 911 2254 Melpomene
934 2205 1105 2252 semeP’,
1148 2202 1335 2249 seriptum
1377 2199 1473 2237 illud

151 2270 196 2306 ut
220 2267 388 2316 perbene
415 2267 580 2314 conjecit
605 2268 750 2304 Grotes.
776 2263 836 2318 (p.
865 2267 948 2302 475.
975 2261 1037 2316 b.)
1064 2264 1165 2300 cirea
1191 2273 1224 2300 a.
1251 2261 1361 2311 737„
1388 2271 1475 2298 cum

151 2329 334 2368 Horatius
368 2340 521 2366 carmen
554 2329 748 2366 saeculare
783 2327 967 2364 conficere
996 2325 1129 2371 jussus
1164 2325 1279 2361 esset.
1330 2321 1376 2359 In
1401 2321 1474 2358 hoc

153 2391 271 2438 igitur
295 2400 447 2428 omnem
473 2391 678 2439 honorem,
713 2400 789 2438 quo
823 2389 981 2437 propter
1006 2387 1143 2435 poesin
1176 2396 1285 2423 suam
1310 2384 1474 2432 fruatur,

154 2451 311 2489 amabili
335 2461 492 2499 prorsus
525 2451 713 2488 modestia
747 2450 870 2487 desert
903 2448 954 2485 ad
978 2449 1132 2498 Musas,
1167 2457 1265 2496 quae
1297 2443 1474 2482 nascenti

157 2513 232 2550 sibi
272 2511 481 2550 arriserint.
547 2512 660 2555 Quod
703 2511 765 2548 cui
803 2509 1006 2558 contigerit
1050 2520 1137 2547 eum
1174 2507 1341 2546 nobilem
1378 2505 1475 2544 fieri.

158 2573 440 2613 Gloriabundus
465 2572 582 2621 igitur
607 2573 751 2621 pergit:

1548 0 1602 285 ξ

1591 288 1600 348 ³]
