1679 2948
660 187 935 228 „67-

233 301 419 349 Superest
460 302 504 336 ut
536 300 670 347 paucis
707 298 754 336 de
789 299 939 336 ratione
975 297 1120 347 dicam,
1157 308 1232 346 qua
1265 298 1465 337 Homtium

132 363 174 400 in
198 363 324 400 tribus
353 361 565 399 carminum
590 361 699 398 libiis
729 360 888 410 edendis
916 370 1028 396 usum
1055 370 1140 396 esse
1167 359 1374 397 v·e1isimi1e
1401 361 1462 398 sit.

132 412 247 468 Quod
271 423 470 470 Bentlejus
507 422 642 459 statuit
678 422 848 469 singulos
882 411 1001 460 libros
1029 420 1249 468 singulatim
1275 422 1316 475 in
1341 422 1464 459 lucem

130 486 344 537 prodiisse,
379 484 420 526 id
446 485 584 522 falsum
620 495 706 520 esse
741 476 831 531 post
855 482 1061 521 Vanderbu
1064 493 1119 529 rg.
1154 483 1195 518 in
1222 482 1280 519 8(1
1317 485 1407 524 tom.
1434 483 1461 520 1.

330 616 453 654 Navis,
477 623 566 658 quae
588 613 652 647 tibi
675 613 848 646 creditum

373 661 481 692 Debes
507 658 775 699 Quintilium
800 657 915 688 11011115
939 656 1071 691 Atticis,

131 710 164 738 et
188 715 315 737 carmen
339 706 381 736 ad
404 703 572 744 Virgilium
587 704 713 744 quidem
729 703 858 733 missum
876 703 967 742 eique
981 702 1031 736 1115
1034 701 1169 740 criptum
1186 710 1257 733 esse
1280 706 1384 743 put,es
1407 704 1464 736 sed

129 751 172 782 ad
201 753 264 782 iter
295 750 425 790 aliquod
456 749 600 782 Quintilii
624 749 820 787 Cremonens
808 748 868 780 515,
893 746 1018 785 Virgilii
1042 747 1075 775 et
1096 745 1223 775 Horatii
1248 748 1353 783 amici.
1378 749 1463 779 rela-

129 795 218 829 tum?
263 796 364 832 Quam
395 793 609 835 suspicionem
639 795 675 823 ut
697 792 719 822 ii
751 801 813 821 non
843 791 891 821 181·
894 794 964 825 801,
996 790 1048 829 qui
1081 790 1249 830 „animae
1279 792 1465 830 dimzdium

128 837 254 872 meae„
277 838 318 870 de
340 838 477 879 Virgilio
499 839 687 877 usurpatum
711 846 744 867 85
749 846 784 866 58
807 836 847 866 ab
865 834 1001 865 Horatio
1025 834 1080 864 iix
1104 833 1164 864 sibi
1181 836 1344 874 patiantur
1368 838 1462 877 eripi:

129 885 176 915 ita
200 894 260 924 ego
284 884 398 915 habeo
411 883 526 923 quibus
551 891 701 913 exornem
726 884 759 911 et
782 881 921 910 fuldam.
968 878 1109 908 Primum
1127 878 1226 916 enim,
1251 890 1312 920 quo
1329 883 1465 912 maxime

129 929 261 965 nititur,
295 938 358 960 non
389 928 522 967 fortuito
554 927 612 958 sed
642 927 736 967 hujus
760 926 910 956 carminis
934 926 1082 964 respectu
1106 923 1217 955 habito
1241 926 1390 965 sciiptum
1409 928 1464 966 Ju-

129 974 199 1007 11180
223 973 274 1005 od.
298 973 330 1013 1,
353 973 408 1005 24.
432 983 480 1004 vs.
505 964 524 1004 9
548 982 612 1012 svp:

332 1018 442 1049 Multis
465 1017 518 1047 ille
542 1017 635 1047 bonis
659 1016 775 1047 flebilis
800 1015 934 1052 oct-idm

327 1063 417 1094 Nulli
440 1062 592 1096 flebilior,
617 1071 710 1101 quam
733 1061 811 1096 tibi,
836 1060 961 1100 Virgili.

330 1108 381 1138 Tu
406 1108 527 1139 frustra
550 1107 621 1147 pius
645 1105 724 1137 heu!
750 1115 820 1139 non
843 1106 896 1137 ita
919 1103 1095 1136 creditum

373 1152 488 1183 Poscis
511 1151 696 1185 Quintilium
719 1151 807 1181 deos.
856 1148 858 1151 ’
961 1149 963 1151 ’

127 1198 319 1240 praesertim
343 1207 413 1228 cum
437 1197 574 1234 verba,
578 1206 651 1235 ‚non
674 1197 721 1226 ita
753 1194 922 1233 creditum,
927 1196 944 1205 “’
967 1195 1028 1225 nisi
1053 1188 1250 1237 δεικτικῶς
1266 1195 1465 1235 accipiuntur

129 1244 162 1276 et
193 1244 236 1276 ad
267 1247 390 1276 certum
420 1243 579 1284 quoddam
608 1243 729 1273 factum
759 1242 957 1279 reseruntur,
989 1243 1044 1274 xix
1077 1243 1230 1294 explicari
1260 1243 1384 1284 possint
1405 1253 1466 1275 nec

129 1291 293 1332 explicata
322 1289 487 1329 hucusque
510 1289 586 1320 sint.
638 1287 764 1319 Deinde
796 1287 1000 1325 Quintilium,
1040 1289 1130 1328 cujus
1162 1289 1281 1320 obitum
1313 1288 1465 1319 Horatius

130 1335 295 1376 Virgilium
321 1330 541 1365 consolaturus
564 1334 669 1373 luget,
695 1331 785 1363 clade
809 1332 915 1372 aliqua
947 1334 981 1363 et
1010 1332 1178 1364 immatura
1206 1336 1308 1364 morte
1330 1334 1466 1373 periisse

130 1389 170 1411 cx
194 1380 309 1410 iisdem
339 1380 449 1410 xerbis
480 1381 594 1430 sponte
624 1379 770 1418 apparet.
814 1377 887 1408 Nec
910 1377 1083 1409 absurdum
1105 1378 1203 1409 fuerit
1226 1380 1370 1409 statuere
1394 1388 1465 1409 81110

129 1425 339 1464 naufraugio,
370 1425 512 1455 fortasse
542 1424 575 1454 in
598 1424 716 1455 itinere
746 1422 853 1463 quod
846 1432 878 1453 m
903 1422 1043 1454 Atticam
1067 1426 1264 1464 susceperat,
1288 1423 1464 1458 occidisse:

129 1471 175 1502 ita
198 1470 343 1512 quidem,
368 1471 404 1499 ut
426 1468 581 1500 Horatius
606 1468 638 1498 in
666 1468 696 1499 3
720 1467 830 1498 odai-io
855 1467 1042 1500 Quintilium
1058 1469 1151 1499 bonis
1175 1469 1260 1499 votis
1275 1470 1464 1508 prosecutus

129 1515 188 1551 sit,
214 1510 412 1554 Virgilioque
437 1522 564 1543 carmen
588 1512 729 1547 miserit,
762 1515 828 1542 tum
859 1513 932 1552 post
956 1513 1076 1543 obitum
1099 1513 1131 1543 in
1156 1510 1209 1545 24.
1235 1512 1398 1543 Maronem
1422 1512 1465 1543 sit

129 1559 324 1590 consolatus.
371 1556 496 1597 Virgilii
521 1559 628 1587 autem
652 1566 786 1591 nomen.
811 1559 1035 1597 praeterquam
1059 1557 1143 1608 quod
1159 1557 1290 1588 carmini
1314 1557 1344 1588 3.
1367 1566 1464 1597 prae-

128 1605 284 1648 scriptum
309 1605 398 1640 erat,
424 1612 462 1633 80
485 1602 612 1632 facilius
644 1601 675 1639 in
707 1604 891 1632 contextum
921 1604 1049 1641 poterat
1078 1603 1237 1642 irrepere,
1270 1610 1331 1642 quo
1362 1601 1465 1642 magis

129 1650 170 1681 (le
193 1657 332 1697 persona
355 1647 498 1681 Quintilii
524 1648 592 1686 Jam
623 1649 752 1677 1818185
784 1648 816 1676 81
848 1646 962 1676 incerti
995 1649 1087 1684 erant
1119 1650 1151 1677 et
1182 1647 1355 1677 halucinati
1379 1648 1463 1677 sunt.

128 1695 180 1725 lta
193 1660 316 1725 I›Schoh
348 1685 472 1723 Acr'onc
502 1694 634 1722 auctore
666 1691 708 1721 ad
739 1690 790 1721 od.
821 1691 874 1722 24.
911 1680 1039 1731 quidam
1068 1688 1272 1730 Quintilium
1306 1689 1465 1730 fiatrem

127 1732 279 1781 Viryiliv‘
301 1738 454 1769 habuere.
501 1737 645 1777 Denique
678 1736 850 1769 Quintilius
883 1745 1024 1786 quoque,
1055 1737 1107 1776 qni
1132 1736 1258 1776 Virgilii
1283 1739 1316 1766 et
1338 1736 1464 1766 Horatii

130 1785 251 1822 amicus
274 1783 393 1816 dicitur
415 1783 448 1812 in
471 1781 796 1818 Ε115811.8111·011.,11
828 1785 926 1821 poeta
955 1782 1082 1811 animae
1105 1781 1267 1811 dimidium
1290 1781 1464 1821 nuncupari

130 1829 252 1869 potuit,
274 1837 336 1858 nec
358 1828 405 1857 ita
428 1827 558 1864 foedus,
583 1836 645 1866 quo
668 1825 821 1865 Virgilius
845 1828 878 1856 ct
900 1825 1055 1857 Horatius
1074 1825 1178 1865 juncti
1202 1826 1311 1860 erant,
1344 1825 1464 1856 crudeli

131 1874 256 1905 ratione
286 1872 435 1903 laeditur.
491 1872 573 1904 Quin
605 1866 783 1901 cavendum
814 1879 855 1900 118
884 1870 987 1900 artius
1017 1870 1050 1900 id
1081 1879 1175 1910 quam
1198 1870 1258 1900 fuit
1280 1869 1464 1901 habeamus.

131 1918 286 1949 Horatius
309 1917 454 1948 favorem
476 1915 603 1955 Virgilii
626 1917 704 1946 natu
727 1915 822 1955 paulo
846 1915 974 1954 majoris
999 1917 1030 1944 et
1053 1915 1249 1955 principibus
1274 1915 1352 1946 viris
1375 1915 1464 1955 prius

132 1962 344 1994 commendati
367 1961 527 1997 ambibat,
551 1959 626 1991 inde
651 1969 707 1995 ea,
732 1969 770 1999 qi
775 1969 813 1989 ’18
837 1959 868 1989 111
894 1960 962 1999 cjus
986 1959 1111 1990 laudem
1134 1959 1302 2000 aliquoties
1326 1960 1463 2000 scripsit.

131 2008 198 2040 Sed
221 2010 408 2038 constanter
439 2005 479 2036 de
501 2005 638 2035 Horatio
669 2005 770 2035 tacuit
801 2003 965 2043 Virgilius
1012 2004 1094 2037 Quid
1125 2003 1210 2044 quod
1233 2013 1294 2034 non
1317 2004 1464 2041 Horatio,

131 2053 190 2084 sed
212 2052 311 2083 Vario
336 2054 369 2082 et
392 2050 523 2081 Tuccae
545 2052 669 2080 tantum
693 2050 813 2089 scripta
836 2058 895 2079 sua
917 2049 1008 2088 lemn
1013 2049 1054 2083 11
1089 2051 1124 2079 ut
1145 2048 1246 2079 tradit
1266 2047 1381 2080 Donat.
1405 2050 1464 2080 vit.

132 2108 202 2138 cap.
234 2096 321 2131 XIV.
352 2095 384 2135 ξ.
417 2097 470 2129 53.
516 2094 657 2126 Proinde
689 2095 741 2135 qui
774 2094 816 2124 ad
847 2093 1095 2134 praedicandam
1124 2094 1250 2124 Horatii
1283 2096 1316 2124 et
1338 2093 1464 2135 xii-gilii

130 2143 305 2187 amicitiam
321 2142 376 2172 xix
393 2141 494 2172 ierba
517 2140 696 2176 inveniunt,
718 2148 912 2180 magnopere
928 2139 1093 2175 falluntur;
1118 2139 1261 2179 inprimis
1276 2139 1463 2177 Passovius,

133 2184 185 2229 qui
217 2188 249 2218 10
273 2187 340 2218 111.
372 2195 403 2226 p.
434 2181 505 2216 XL.
538 2186 623 2216 inter
652 2183 716 2215 alia
748 2183 828 2215 haec
858 2184 1007 2225 scripsit:
1046 2184 1158 2219 ,1)81111
1182 2183 1270 2214 nicht
1291 2184 1385 2214 allein
1410 2184 1463 2215 die

133 2233 224 2264 Seite
255 2232 312 2263 der
341 2231 448 2261 Kunst
476 2229 542 2261 und
571 2229 805 2260 Wissenschaft
827 2230 870 2259 ist
894 2239 943 2264 85,
976 2229 1073 2259 uorin
1107 2238 1142 2259 er
1165 2228 1214 2259 ihr
1236 2228 1358 2259 Urtheil
1379 2229 1463 2262 hiirt.

133 2279 181 2309 sie
212 2277 260 2307 als
291 2276 426 2307 Richter
456 2275 535 2306 iiber
565 2275 634 2306 sich
658 2274 746 2305 518111
775 2273 883 2313 (Virg.
908 2277 940 2304 et
964 2273 1115 2313 Narius),
1148 2272 1286 2312 sondern
1309 2273 1390 2305 auch
1413 2273 1462 2304 ihr

135 2322 291 2353 sittlicher
314 2320 511 2356 Charakter,
544 2319 602 2351 der
625 2320 673 2350 518
696 2329 736 2349 zu
761 2319 822 2349 den
852 2319 1095 2349 makellosesten
1119 2308 1381 2358 Erscheinungen
1406 2318 1463 2349 der

135 2366 222 2398 Erde
245 2366 362 2403 erhob,
387 2364 446 2404 (!)
478 2367 554 2405 trug
585 2364 668 2394 dazu
700 2364 770 2401 bei,
802 2373 855 2394 um
885 2363 946 2394 den
979 2363 1069 2394 Bund
1100 2362 1166 2409 und
1195 2363 1367 2408 gleichsam
1385 2364 1463 2403 Jene

135 2412 272 2452 geistige
301 2409 519 2449 Vermahlung
551 2418 590 2439 zu
621 2408 812 2443 58111185580,
844 2408 903 2438 wie
933 2417 994 2440 11115
1019 2409 1056 2439 in
1087 2418 1122 2439 50
1152 2405 1276 2441 reiner.
1311 2417 1369 2438 aus
1400 2407 1463 2438 den

139 2457 280 2487 edelsten
311 2456 454 2487 Motixen
487 2453 715 2485 entstandener
744 2453 980 2493 Anerkennung
1009 2454 1179 2493 ungestiirt
1210 2452 1369 2489 erhalten,
1404 2452 1462 2483 das

138 2500 313 2532 Alterthum
336 2501 431 2531 kaum
456 2499 549 2530 einen
574 2498 740 2530 ahnlichen
764 2497 883 2528 Verein
916 2498 1094 2528 aufweist.”
1138 2498 1175 2528 Id
1198 2497 1283 2528 unde
1313 2497 1462 2537 deprom-

138 2548 226 2585 ptum
256 2545 299 2575 sit
329 2547 363 2575 81
392 2544 522 2585 probari
554 2544 672 2584 possit,
703 2542 814 2574 videat
836 2542 961 2582 aliquis.
988 2561 1027 2565 —-
1052 2543 1087 2573 Si
1112 2551 1208 2573 carm.
1232 2542 1271 2576 1.
1295 2541 1326 2571 3.
1349 2550 1464 2573 revera

140 2590 179 2619 de
203 2589 353 2622 Quintilio
376 2588 596 2630 accipiendum
621 2591 723 2620 esset.
749 2590 850 2617 ortum
876 2590 962 2617 esset
987 2597 1014 2617 a.
1039 2588 1106 2617 fere
1131 2586 1206 2617 729.
1229 2601 1274 2608 —

235 2648 238 2652 .
1143 2641 1164 2673 5
1177 2640 1198 2661 ᾗ
