1643 2959
709 195 993 236 ——228—

188 305 293 353 quod
318 307 428 352 cogat
453 306 496 340 ut
522 303 569 339 de
595 303 695 340 Jano
721 304 851 340 clauso
877 303 1034 349 cogites.
1079 303 1183 346 Quin
1206 305 1429 344 incredibile
1452 309 1512 343 est

186 368 355 404 Drusum
381 368 420 401 et
445 363 643 401 Tiberium
667 364 911 412 potissimum
938 363 1013 401 dici
1039 364 1212 412 potuisse
1245 366 1385 404 Janum
1410 369 1511 405 clau.

188 428 298 464 sisse.
353 425 497 468 Quidni
523 425 626 462 enirn
653 425 817 474 scriptor
850 425 892 462 id
917 426 979 462 vel
1012 425 1089 473 ipsi
1122 426 1299 472 Augusto
1333 428 1395 464 vel
1427 428 1510 475 ejus

187 486 368 534 auspiciis
403 484 611 523 tribuerit?
669 487 799 534 Atque
831 487 916 535 ipse
943 487 1148 523 Massonus
1187 487 1286 523 hanc
1311 497 1511 534 argumen-

185 548 371 584 tationem
404 557 484 583 non
522 549 582 583 sat
615 547 762 584 firmam
796 560 881 584 esse
917 548 1050 584 sensit.
1101 548 1199 585 Nam
1225 547 1330 585 aliud
1355 548 1512 597 insuper

184 608 334 645 addidit
359 610 636 655 argumentum
690 609 794 646 Audi
820 609 951 646 modo!
979 609 1130 646 Horatii
1157 609 1271 645 odam
1295 609 1358 647 IV.
1389 610 1447 647 15.
1473 612 1513 647 et

185 669 298 716 epist.
333 669 380 706 11.
418 670 450 706 1.
487 669 541 705 ait
576 681 608 705 a.
646 670 730 707 744.
767 672 807 706 et
841 670 998 718 quidem
1030 672 1141 708 Jano
1174 673 1334 708 tertiam
1368 672 1509 709 clauso

184 729 348 777 scriptas
384 742 481 766 esse.
542 731 645 777 Ergo
679 733 820 768 Janum
855 743 889 768 a.
918 732 1002 768 744.
1038 732 1210 768 clausum
1243 743 1341 768 esse.
1406 732 1513 769 Bella

183 791 396 828 conclusio!
425 792 703 828 Gravissimam
730 803 906 829 caussam
931 804 954 829 a
980 793 1129 830 duobus
1155 793 1309 830 Horatii
1334 792 1512 829 carmini-

183 851 256 888 bus
283 852 410 902 petiit,
438 863 601 900 quorum
626 854 812 901 temporis
839 843 982 891 indicia
1008 865 1151 890 annum
1184 854 1269 890 741.
1296 863 1375 890 non
1400 864 1512 890 exce-

183 911 275 948 dere
302 913 385 960 ipse
411 914 609 950 confessus
629 916 688 949 est
714 914 737 949 1.
765 914 789 949 1.
818 925 855 960 p.
883 914 968 950 212.
1013 914 1116 956 Quid
1131 925 1225 950 vero
1250 911 1512 962 interpretes‘3

182 973 241 1010 Ne
267 973 368 1008 ride!
395 974 528 1009 Securi
554 973 620 1008 isti
638 975 677 1008 et
694 974 943 1009 conniventes
963 985 995 1009 c.
1020 974 1056 1022 4,
1082 974 1140 1009 15.
1176 984 1277 1009 anno
1304 975 1389 1009 744.
1423 986 1512 1022 pro-

182 1035 316 1080 pterea
342 1032 637 1070 adscribendum
663 1045 748 1071 esse
777 1034 985 1083 affirmant,
1013 1033 1115 1082 quod
1142 1045 1188 1070 eo
1211 1036 1334 1071 Janus
1360 1035 1512 1072 clausus

183 1093 235 1129 sit
260 1113 309 1118 ——
335 1099 380 1131 ut
404 1096 624 1132 Massonus
654 1095 898 1142 probaverit.
947 1096 1031 1132 Hoc
1066 1095 1202 1143 opinor
1228 1098 1288 1132 est
1313 1095 1512 1143 probanda

182 1165 252 1201 pro
278 1154 450 1202 probatis
478 1167 642 1205 sumere,
670 1156 758 1205 vel,
786 1158 829 1192 ut
854 1156 918 1193 ille
945 1156 1012 1205 ait,
1040 1156 1285 1193 festinantius
1320 1166 1436 1202 agere
1471 1159 1511 1193 et

181 1215 367 1252 ludificari
392 1217 587 1253 lectorem.

281 1340 357 1376 Vix
384 1339 558 1377 docuerit
576 1341 792 1391 quisquam,
822 1341 973 1389 quando
991 1342 1111 1377 Janus
1130 1340 1287 1377 tertium
1309 1340 1510 1377 obseratus

183 1398 244 1436 sit.
296 1402 480 1439 Massam·
505 1404 635 1439 tamen
661 1403 811 1439 ratione
846 1404 965 1439 multo
992 1401 1229 1450 probabilior
1263 1403 1324 1438 est
1348 1403 1510 1452 Naristi,

182 1460 248 1507 qui
274 1461 314 1497 in
343 1463 553 1510 Cenotaph.
581 1464 707 1500 Pisan.
737 1464 888 1501 dissert.
924 1465 971 1500 11.
1001 1474 1083 1512 cap.
1121 1463 1178 1499 10.
1206 1474 1243 1511 p.
1278 1463 1364 1500 316.
1398 1459 1509 1515 (opp.

181 1522 256 1558 vol.
285 1522 351 1559 ΠΙ.
371 1525 545 1561 Veronae
566 1523 698 1577 1729.)
727 1526 766 1561 id
789 1537 823 1562 a.
842 1525 925 1562 748.
947 1527 1089 1562 factum
1107 1536 1192 1561 esse
1211 1524 1384 1571 conjecit.
1411 1525 1510 1562 'rum

182 1583 285 1619 enim
311 1595 389 1631 pax
414 1587 516 1621 terra
542 1586 713 1633 marique
741 1589 851 1634 parta
878 1588 972 1623 erat.
1018 1587 1100 1623 Nec
1126 1585 1276 1634 mirum,
1305 1585 1407 1633 quod
1432 1586 1508 1623 Dio

188 1644 293 1680 Cass
322 1645 456 1695 tacuit,
486 1658 572 1682 cum
599 1650 687 1695 post
713 1647 802 1684 libri
830 1648 889 1684 55.
918 1658 999 1694 cap.
1028 1647 1064 1682 9.
1092 1657 1231 1692 magna
1258 1646 1309 1682 sit
1332 1646 1481 1683 lacuna.

282 1768 316 1803 4.
345 1767 550 1805 Laetemur
575 1771 717 1819 tamen,
746 1769 846 1817 quod
882 1769 932 1805 ad
959 1769 1138 1806 carminis
1177 1769 1235 1806 15.
1265 1771 1415 1817 tempus
1440 1779 1508 1806 na-

183 1828 261 1864 tale
288 1828 546 1866 definiendum
573 1841 621 1867 nc.
649 1842 746 1878 opus
774 1830 930 1879 quidem
956 1833 1015 1867 est
1041 1841 1177 1880 nosse,
1206 1830 1361 1879 quando
1386 1831 1508 1867 Janus

182 1890 338 1926 tertium
365 1891 515 1928 clausus
544 1892 604 1928 sit.
657 1893 845 1940 Respexit
872 1892 973 1927 enim
1000 1892 1204 1941 Horatius,
1233 1893 1275 1927 ut
1295 1891 1377 1938 jam
1412 1891 1507 1941 dixi,

182 1953 304 1987 totam
321 1951 494 2000 Auyustz'
519 1959 700 1991 aetatem.
743 1950 848 2005 (Liv.
880 1954 914 2003 l,
944 1954 1002 1990 19.
1032 1954 1200 2003 „iterum
1218 1953 1321 2001 quod
1345 1957 1509 1991 nostrae

185 2015 306 2049 aetati
338 2014 405 2049 Dii
440 2014 649 2064 dederunt,
676 2017 719 2051 ut
757 2015 975 2051 videremus
1010 2017 1099 2062 post
1131 2015 1273 2052 bellum
1307 2015 1507 2052 Actiacum

184 2072 231 2108 ab
258 2073 489 2121 imperatore
525 2077 689 2113 Caesare
715 2077 891 2122 Augusto
925 2087 1019 2124 pace
1046 2079 1149 2112 terra
1174 2076 1346 2124 marique
1371 2074 1507 2122 parta”

182 2152 234 2160 —
259 2135 378 2171 Janus
405 2135 591 2189 clausus.)
619 2139 746 2185 Atque
774 2138 806 2174 si
825 2139 953 2174 omnia
971 2137 1271 2185 complectimur,
1298 2135 1506 2171 verisimile

185 2194 227 2229 fit
251 2206 404 2232 carmen
421 2198 589 2234 011111111111
608 2200 821 2234 extremum
838 2211 922 2234 esse
951 2199 1208 2245 scriptumque
1228 2198 1315 2244 post
1340 2195 1507 2232 reditum

184 2255 349 2301 Augusti
374 2269 408 2294 a.
437 2270 472 2295 u.
501 2271 532 2295 c.
560 2259 643 2296 741.
670 2283 720 2287 —
747 2260 831 2302 Quo
857 2259 979 2304 magis
1005 2259 1066 2294 his
1093 2257 1226 2294 credas
1253 2257 1410 2294 afferam
1435 2256 1506 2294 tibi

185 2315 474 2364 inscriptionem
499 2320 640 2368 lapidis
666 2320 860 2356 Emeritae
887 2320 928 2355 in
944 2319 1133 2367 Hispania
1157 2317 1315 2367 reperti,
1342 2328 1439 2366 quae
1465 2319 1506 2354 et

185 2376 271 2424 ipsa
295 2378 360 2415 illo
387 2380 538 2419 circiter
563 2384 734 2429 tempore
762 2383 934 2418 confecta
967 2383 1027 2416 est
1061 2383 1100 2417 et
1132 2379 1222 2418 Jani
1255 2379 1375 2416 clausi
1400 2389 1505 2415 men-

187 2438 333 2476 tionem
351 2441 521 2478 continet
546 2439 614 2495 (cf.
635 2444 787 2480 Gruter.
807 2443 923 2479 inser.
942 2453 979 2491 p.
1001 2441 1189 2491 CXLIX„
1215 2440 1342 2478 Noris.
1368 2439 1437 2477 1.1.
1464 2450 1503 2489 p.

188 2499 273 2537 311.
301 2503 341 2538 et
367 2502 537 2540 Masson.
563 2503 651 2540 Jani
678 2504 807 2551 templ.
835 2515 910 2540 res.
938 2514 975 2550 p.
1005 2498 1133 2554 105.):
