1643 2959
681 209 958 252 -200—

157 320 375 371 provectior
401 321 527 358 aetate
553 317 638 354 fuit.
672 317 793 365 quue
811 318 940 365 ipsum
955 328 1017 354 me
1034 322 1247 370 permovet,
1274 322 1318 357 ut
1334 319 1478 368 episto-

155 384 232 420 lam
257 386 345 432 post
372 378 638 419 Cantabrieam
673 378 828 415 demum
862 379 1152 426 expeditionem
1186 381 1369 429 scriptam
1394 392 1480 418 esse

157 444 321 482 credam.
376 440 605 478 Cantabrica
622 439 725 476 bella
738 440 882 476 Lollius
906 451 1011 487 puer
1023 441 1126 490 tulit,
1153 443 1197 476 ut
1214 441 1269 477 ait
1285 442 1481 479 Horatius.

157 507 245 542 Jam
270 506 332 540 fac
360 513 449 539 eum
466 501 650 538 vicesimo
678 502 758 537 fere
786 502 926 538 aetatis
945 513 1046 538 anno
1074 513 1124 538 ex
1141 502 1331 550 Hispania
1355 514 1484 539 rever-

156 567 263 602 tisse.
314 563 534 611 Negabisne
563 563 766 610 epistolam
801 563 835 600 2.
864 563 926 599 vel
959 563 1069 600 brevi
1103 566 1193 612 post
1217 564 1387 600 reditum
1411 564 1485 600 viri

151 626 306 672 juvenis
332 625 394 662 vel
420 624 535 674 paulo
560 624 733 670 longiore
760 625 945 672 temporis
974 625 1100 673 spatio
1127 625 1358 673 interposito
1384 635 1486 661 com*

157 688 251 735 poni
286 683 486 735 potuiss03
527 687 674 723 Vereor
699 688 743 722 ut
768 697 937 734 unquam
976 687 1148 734 potuerit
1182 687 1322 735 aptius.
1384 686 1488 730 Quid

159 745 290 785 enim'!
339 749 397 786 Ea
423 750 505 784 tum
529 747 697 784 maxime
724 749 852 784 aetate
879 750 963 784 erat
988 749 1157 798 Lollius,
1190 759 1289 796 quae
1316 747 1488 785 consiliis

159 812 199 846 et
224 809 553 847 cohortationibus
579 809 787 858 praecipue
813 809 1015 855 indigeret.
1043 810 1100 847 Ea
1129 812 1212 846 erat
1237 811 1363 846 aetate
1378 811 1418 845 et
1432 808 1490 845 in-

158 871 391 921 telligentia,
419 872 570 921 qualem
594 872 675 907 fere
711 870 845 907 doctus
882 873 921 907 et
954 882 1113 908 severus
1148 871 1336 919 epistolae
1364 881 1491 907 sermo

160 933 323 980 requirit
347 932 579 969 necessario.
630 932 688 968 Ea
715 934 799 967 erat
825 934 975 980 aetate,
1011 935 1054 968 ut
1088 933 1226 969 merito
1253 933 1301 969 ab
1329 932 1491 968 Horatio

160 993 211 1030 ad
237 993 505 1041 philosophiae
533 992 662 1028 studia
679 992 880 1027 tractanda
897 993 1059 1027 excitari
1084 995 1218 1040 posset
1244 989 1302 1042 (v.
1329 993 1378 1028 33
1397 988 1492 1044 sq.).

161 1055 218 1090 Ea
245 1054 409 1101 denique
437 1054 578 1102 aetate,
606 1054 649 1088 ut
675 1063 698 1088 a
715 1054 832 1099 poeta
850 1052 989 1098 viginti
1014 1054 1094 1089 fere
1123 1053 1233 1089 annis
1259 1055 1353 1090 natu
1380 1063 1493 1099 gran-

162 1114 270 1151 diore
300 1115 388 1161 jure
422 1117 554 1163 posset
585 1124 690 1161 puer
723 1113 810 1150 diei.
864 1114 923 1150 Ita
951 1114 1154 1161 epistolam
1180 1114 1216 1151 2.
1243 1114 1346 1151 intra
1371 1125 1494 1151 annos

162 1177 248 1213 730.
276 1179 316 1213 et
341 1176 426 1212 734.
455 1178 681 1223 conceptam
708 1187 793 1211 esse
819 1175 1030 1212 verisimile
1058 1176 1110 1213 fit.
1165 1176 1251 1218 Quo
1277 1176 1318 1212 in
1345 1175 1494 1222 judicio

164 1237 449 1286 comprobando
476 1237 703 1284 adjuvamur
730 1237 847 1273 etiam
872 1248 987 1273 versu
1015 1237 1097 1274 52:

362 1299 439 1343 Qui
466 1298 572 1346 cupit
599 1300 665 1335 aut
690 1299 841 1347 metuit,
864 1298 976 1345 juvat
990 1299 1098 1335 illum
1116 1298 1172 1335 sic
1199 1297 1335 1334 domus
1354 1299 1394 1334 et
1418 1309 1495 1348 reS,

363 1361 416 1397 Ut
441 1360 589 1408 lippum
616 1360 743 1408 pictae
770 1360 946 1409 tabulae,
971 1358 1155 1406 fomenta
1177 1362 1421 1409 podaqrum,

364 1422 569 1458 Auriculas
597 1421 769 1458 citharae
796 1422 957 1458 collecta
984 1421 1096 1457 sorde
1125 1420 1335 1470 dolentes„

166 1481 233 1519 ubi
260 1483 479 1519 fomenta
513 1482 552 1519 h.
581 1494 612 1518 e.
651 1481 776 1518 calida
809 1485 1033 1528 tegumenta
1067 1482 1188 1519 lenire
1214 1483 1406 1528 negantur
1430 1492 1498 1531 po-

168 1543 313 1588 dagrici
341 1543 505 1581 dolores.
557 1543 769 1592 Reputanti
797 1545 900 1581 enim
927 1544 1042 1592 mihi,
1083 1555 1169 1580 eam
1203 1543 1395 1580 curandae
1430 1555 1500 1592 po-

168 1604 310 1650 dagrae
344 1606 557 1654 rationem,
597 1615 673 1652 qua
701 1607 838 1643 calida
861 1604 1043 1651 fomenta
1069 1604 1367 1654 adhiberentur,
1396 1605 1500 1653 apud

168 1664 363 1702 Romanos
400 1666 442 1702 in
475 1677 548 1702 usu
585 1668 624 1701 et
658 1665 803 1702 honore
839 1667 959 1703 fuisse
999 1677 1121 1714 usquc
1157 1666 1208 1702 ad
1242 1676 1384 1702 annum
1417 1668 1500 1703 fere

170 1725 278 1774 731„
306 1737 381 1774 quo
407 1728 606 1773 Augustus
633 1726 682 1762 ab
709 1728 880 1764 Antonio
907 1728 1021 1764 Musa
1046 1728 1214 1775 primum
1245 1725 1406 1774 sriqidis
1430 1725 1502 1774 fo-

170 1789 314 1824 mentis
340 1788 398 1824 uti
418 1788 551 1834 jussus
588 1788 794 1824 sanitatem
829 1789 1094 1837 recuperavit,
1135 1799 1214 1825 non
1247 1788 1503 1836 improbabile

171 1848 325 1884 videtur
360 1860 446 1885 esse
482 1849 530 1885 ab
565 1849 727 1885 Horatio
762 1850 987 1886 methodum
1014 1850 1147 1899 istam,
1188 1860 1287 1898 quae
1322 1860 1394 1888 nec
1429 1861 1503 1887 usu

175 1910 268 1945 satis
297 1910 546 1958 comprobata
580 1912 619 1947 et
652 1913 742 1957 post
775 1911 1018 1947 nobilitatam
1044 1911 1205 1947 Antonii
1230 1911 1367 1949 Musae
1394 1923 1503 1949 cura-

173 1971 319 2007 tionem
345 1972 498 2019 pcnitus
527 1972 686 2019 explosa
712 1974 837 2022 esset,
873 1973 1027 2021 oblique
1063 1974 1205 2009 tactam
1239 1985 1338 2010 esse.
1398 1974 1503 2012 Audi

176 2032 331 2069 Sueton.
361 2034 494 2069 Octav.
523 2032 605 2069 81.:
634 2034 895 2083 „contrariam
921 2036 960 2070 et
987 2034 1196 2081 ancipitem
1217 2035 1407 2072 rationem
1424 2046 1502 2071 me-

177 2093 295 2130 dendi
320 2093 539 2130 necessario
567 2094 706 2144 subiit,
747 2096 838 2143 quia
871 2097 1008 2133 calida
1038 2093 1219 2141 fomenta
1252 2107 1330 2132 non
1363 2095 1502 2143 prode-

176 2156 284 2202 rant,
329 2152 490 2202 ftiyidis
539 2155 664 2190 curari
713 2159 889 2206 coactus,
938 2158 1094 2193 auctore
1135 2155 1305 2192 Antonio
1346 2154 1501 2192 Musa.“

178 2214 302 2251 Schol.
336 2216 452 2263 Cruq.
478 2215 528 2251 ad
555 2216 666 2263 epist.
697 2217 739 2266 l,
770 2218 827 2253 15.
856 2218 912 2253 3.:
949 2216 1169 2265 „Antonius
1196 2216 1310 2252 Musa
1335 2217 1502 2263 aegritu-

181 2273 270 2310 dine
296 2276 463 2324 Augusti
489 2279 611 2313 artem
637 2288 745 2313 suam
771 2278 998 2326 illustravit,
1038 2288 1127 2313 nam
1154 2287 1240 2313 cum
1267 2279 1403 2316 dolore
1429 2290 1503 2316 ar-

180 2336 335 2373 thricico
369 2337 561 2374 laboraret
596 2340 634 2375 et
669 2338 719 2374 ad
753 2350 940 2375 summam
965 2338 1126 2374 maciem
1151 2337 1360 2386 perductus
1387 2343 1504 2390 esset,

183 2399 340 2434 curante
374 2397 539 2435 Aemilio
574 2399 745 2449 medico,
785 2400 851 2447 qui
891 2410 979 2435 eum
1018 2399 1115 2436 adeo
1150 2402 1291 2438 calidis
1331 2401 1503 2451 curabat,

184 2460 228 2494 ut
254 2459 398 2494 tectum
424 2459 588 2495 cubiculi
615 2461 697 2506 ejus
724 2462 936 2498 relleribus
970 2461 1159 2510 muniret,
1199 2461 1261 2498 ln'c
1295 2464 1431 2509 postea
1463 2463 1504 2499 in

185 2518 420 2555 contrarium
436 2520 559 2556 versis
578 2522 754 2558 omnibus
777 2532 855 2558 non
872 2523 994 2558 solum
1017 2519 1317 2569 perfusionibus
1331 2521 1504 2574 sriyidis,

186 2580 256 2617 sed
291 2581 409 2618 etiam
443 2581 686 2629 gargarismis
722 2585 816 2620 caet.
853 2594 945 2619 usus
980 2585 1060 2633 est,
1093 2583 1148 2620 ita
1182 2586 1225 2621 ut
1258 2584 1359 2622 intra
1387 2584 1505 2622 breve
