1643 2959
648 197 938 242 -151—

121 309 308 359 potuisse.
360 309 504 347 Mirum
521 320 615 347 sane
642 312 725 361 est,
751 310 858 359 quod
885 310 1122 348 Octavianus
1148 309 1212 348 hic
1238 321 1394 360 quoque
1420 312 1463 350 in

120 384 158 409 v.
185 371 246 408 52.
283 371 450 420 simplici
489 372 680 410 Caesaris
711 373 869 410 nomine
904 373 1176 423 compellatur,
1212 383 1285 410 nec
1321 374 1462 411 Canta-

119 433 250 470 bricae
278 433 556 484 expeditionis,
583 434 626 471 in
653 444 729 482 qua
754 437 848 472 tunc
873 435 1003 483 ipsum
1027 434 1282 485 versabatur,
1309 435 1458 472 mentio

117 495 221 532 facta
247 497 318 532 est.
371 496 453 533 Nec
479 496 675 546 intelligo,
711 507 780 533 cur
805 499 923 544 poeta
949 496 997 534 de
1022 496 1199 547 Parthis,
1234 496 1393 534 Seribus
1420 498 1462 534 et

115 556 224 594 Indis
253 557 438 604 subjectis
464 557 598 594 inania
624 558 745 596 verba
779 558 941 595 fundere
978 558 1180 608 maluerit,
1215 569 1332 607 quam
1351 558 1462 605 ,iusta

115 618 333 667 principem
357 620 472 656 laude
490 630 630 657 ornare
656 620 706 657 ob
725 631 788 657 res
813 620 855 656 in
875 620 1067 669 Hispania
1083 620 1347 668 prosperrimo
1372 631 1461 657 cum

116 692 300 718 successu
334 683 477 727 gestas.
539 682 632 719 Fuit
666 693 754 719 cum
789 682 862 719 hoc
896 682 952 719 ita
986 682 1034 719 ab
1062 682 1168 719 omm'
1193 681 1459 718 verisimilitu-

114 742 204 779 dine
239 742 451 780 abhorrere
485 745 686 792 putarem,
723 745 766 779 ut
800 755 958 780 carmen
992 755 1064 792 per
1099 755 1132 780 a.
1169 744 1255 780 729.
1294 745 1334 779 et
1371 743 1458 780 730.

114 803 234 840 scribi
260 804 436 852 potuisse
463 814 659 850 negarem.
712 804 886 841 Verebar
911 816 960 841 ne
988 807 1133 842 sactum
1161 806 1267 842 esset
1292 816 1326 841 a.
1355 804 1458 855 725„

112 876 190 913 quo
218 865 315 902 scite
341 866 460 912 poeta
486 875 557 912 pro
587 865 753 902 Caesare
780 867 873 901 vota
898 876 1124 913 nuncupare
1150 866 1458 914 Parthorumque

112 929 152 964 et
185 925 372 963 Indorum
406 926 630 963 meminisse
665 926 881 977 potuisset,
916 937 1004 963 cum
1038 927 1103 963 ille
1138 927 1180 963 in
1208 926 1368 964 Oriente
1394 938 1459 963 res

109 989 311 1026 Parthicas
338 987 538 1025 ordinaret
564 991 604 1024 et
621 988 794 1025 omnium
811 1000 881 1025 ora
905 988 947 1025 in
973 1000 1015 1025 sc
1043 990 1301 1026 converteret.
1345 989 1460 1025 Atta-

110 1061 198 1087 men
226 1050 293 1087 illo
319 1053 496 1098 tempore
533 1050 600 1086 vix
634 1052 789 1098 poterat
814 1050 990 1087 Marcelli
1012 1051 1159 1087 mentio
1185 1050 1283 1100 fieri,
1311 1049 1458 1098 quippe

110 1112 179 1160 qui
205 1123 239 1149 a.
268 1112 355 1148 725.
383 1112 698 1160 quattuordecim
724 1114 876 1149 tantum
902 1122 1023 1150 annos
1041 1114 1158 1149 natus
1185 1113 1301 1149 esset.
1354 1111 1457 1149 Hine

108 1185 147 1212 α.
177 1174 284 1212 729.
311 1175 507 1212 carminis
530 1176 712 1213 natalem
738 1173 877 1211 habeo.

209 1296 456 1333 GARMEN
480 1296 606 1334 xlv.
648 1297 722 1349 „0
747 1297 868 1335 navis
891 1295 1095 1345 referent»
1120 1297 1251 1335 multis
1268 1298 1348 1336 VV.
1363 1297 1452 1336 DD.

108 1358 417 1397 dubitationibus
445 1362 485 1397 et
512 1359 745 1406 conjecturis
772 1359 984 1397 obnoxium
1019 1360 1113 1410 suit,
1149 1370 1246 1408 quas
1282 1359 1452 1406 singulas

106 1432 339 1470 percensere
366 1432 446 1458 non
472 1421 513 1458 in
546 1421 676 1458 animo
703 1423 775 1458 est.
827 1422 943 1459 Nosti
978 1421 1054 1459 duo
1080 1421 1327 1471 potissimum
1346 1420 1452 1467 judi-

107 1483 167 1520 cia
202 1494 320 1532 super
355 1494 401 1520 co
436 1483 588 1531 prolata
630 1483 752 1532 probe
796 1483 1071 1530 distinguenda
1105 1495 1214 1533 esse,
1260 1482 1452 1530 siquidem

106 1547 174 1583 aut
207 1555 315 1581 mera
348 1544 534 1590 allegoria
568 1544 730 1595 dicitur,
767 1547 834 1581 aut
867 1557 1006 1583 revera
1039 1545 1090 1583 ad
1115 1556 1257 1582 navem
1282 1544 1453 1592 aliquam

106 1607 295 1655 scriptum
321 1608 493 1655 putatur.
545 1605 657 1643 Prior
692 1607 888 1643 sententia
914 1607 1240 1656 quemadmodum
1266 1605 1451 1652 gravissi-

104 1680 210 1706 mum
242 1667 488 1706 venerandae
523 1668 731 1704 vetustatis
766 1671 965 1706 auctorem
999 1669 1118 1706 habet
1152 1669 1451 1714 Quintilianum

104 1727 250 1783 (instit.
278 1732 375 1766 orat.
403 1729 449 1779 8,
477 1729 512 1766 6.
541 1724 713 1783 §.'44.)‚
740 1730 796 1767 ita
823 1730 1117 1768 commendatur
1141 1729 1318 1767 unanimi
1342 1731 1449 1766 vete—

103 1803 192 1830 rum
226 1791 528 1829 Scholiastarum
563 1793 603 1828 et
634 1795 909 1831 recentiorum
950 1793 1208 1841 interpretum
1243 1801 1447 1828 consensu.

103 1855 280 1892 Alteram
314 1855 467 1903 autem,
504 1864 621 1902 quam
655 1854 824 1902 primum
849 1856 1059 1903 Muretus,
1104 1855 1188 1889 tum
1227 1853 1271 1891 T.
1311 1853 1449 1891 Faber

103 1917 405 1965 proposuerunt,
431 1915 708 1963 plaudentibus
725 1916 916 1966 Dacerio,
942 1914 1120 1961 Bentlejo
1139 1914 1316 1965 aliisque,
1342 1924 1447 1951 nunc

103 1977 250 2014 nemini
276 1978 358 2014 sere
376 1977 531 2025 placere
557 1976 685 2014 video.
738 1977 882 2014 Merito
910 1987 1015 2014 sane.
1069 1976 1166 2020 Quis
1191 1977 1360 2014 laceram
1375 1987 1445 2013 na·

102 2051 193 2076 vem
217 2049 298 2077 non
323 2038 533 2076 admodum
559 2039 704 2076 humile
731 2050 777 2076 ac
803 2040 952 2087 puerile
988 2039 1168 2076 carminis
1193 2037 1304 2085 lyrici
1330 2048 1444 2084 argu-

103 2103 279 2139 mentum
304 2111 392 2138 cum
417 2101 533 2138 Janio
560 2098 721 2150 crepetz
773 2101 870 2145 Quis
905 2102 1051 2138 temere
1078 2100 1349 2138 auctoritatem
1375 2111 1443 2136 ex-

102 2162 237 2212 plodat
263 2162 516 2214 Quintiliani,
544 2163 612 2211 qui
638 2163 712 2201 hoc
738 2174 894 2201 carmen
918 2164 1104 2211 tanquam
1128 2162 1277 2199 illustre
1303 2173 1350 2199 ac
1373 2172 1445 2199 no-

103 2227 186 2262 tum
211 2224 420 2272 allegoriae
447 2226 668 2274 exemplum
694 2222 853 2262 attulit‘!
878 2246 931 2254 —
964 2224 1041 2262 Sed
1068 2235 1302 2273 quamquam
1325 2223 1443 2273 pleri-

103 2297 178 2335 que
199 2286 283 2333 jam
308 2287 351 2324 in
377 2298 462 2324 eam
487 2289 639 2336 partem
664 2287 874 2337 inclinant,
908 2289 954 2324 ut
988 2297 1075 2324 cum
1108 2286 1174 2323 illo
1204 2297 1345 2324 navem
1370 2296 1443 2334 pro

103 2348 322 2399 republica,
348 2349 535 2386 fluctuum
559 2351 814 2397 tempestates
839 2360 911 2398 pro
928 2349 1042 2386 bellis
1068 2347 1260 2399 civilibus,
1286 2349 1443 2397 portum

104 2420 175 2457 pro
208 2421 304 2459 pace
339 2412 457 2459 atque
492 2411 699 2448 concordia
734 2411 838 2447 dicta
872 2421 958 2447 esse
993 2409 1249 2448 arbitrentur:
1292 2409 1440 2446 discors

105 2472 235 2523 tamen
269 2483 403 2510 eorum
437 2472 644 2510 concordia
678 2473 760 2523 est,
796 2473 987 2521 quatenus
1020 2471 1064 2509 in
1096 2474 1225 2510 aetate
1259 2469 1440 2509 carminis

106 2531 322 2572 definienda
347 2535 522 2572 haerent.
568 2534 715 2572 Omitto
742 2545 810 2571 005
838 2534 904 2583 11111
930 2533 972 2571 id
998 2545 1142 2572 annum
1157 2534 1243 2572 720.
1261 2542 1442 2581 praeces-

107 2593 205 2632 sisse
231 2596 453 2648 autumant‚
480 2607 556 2646 quo
583 2599 758 2647 tempore
784 2596 969 2636 Horatius
1003 2596 1175 2635 nondum
1199 2594 1319 2643 lyrica
1345 2592 1438 2632 scri-
