1689 2881
613 133 891 174 —95—

82 243 352 284 confidendum
400 255 485 281 esse
534 244 595 281 vel
633 244 802 293 permira
851 244 1116 282 narrationum
1157 245 1417 295 discrepantia

81 308 256 346 efficitur.
319 306 450 350 Quare
485 305 517 344 si
552 306 705 343 Horatii
738 305 859 343 verba
895 306 979 343 sola
1019 307 1262 357 respexeris,
1305 309 1417 346 vides

81 369 223 407 Fannii
242 379 378 417 capsas
406 367 430 403 i.
451 378 484 403 c.
512 368 778 417 receptacula,
806 368 939 405 thecas
959 369 1041 406 sive
1062 369 1206 406 forulos
1231 369 1419 408 librorum

81 434 122 468 et
148 430 357 477 imaginem
384 424 513 476 aliquo
541 427 670 465 delata
697 440 783 465 esse
802 429 890 466 dici.
946 430 1022 467 Sed
1040 431 1298 469 bibliothecae
1314 433 1420 469 nulla

81 493 124 529 fit
149 492 309 530 mentio.
364 490 493 534 Quare
520 489 693 527 omnium
718 490 878 527 minime
906 491 1069 537 cogitari
1099 495 1231 541 potest
1266 493 1314 530 de
1347 505 1420 542 pu-

82 554 184 591 blica
210 553 355 602 aliqua,
381 563 454 590 nec
482 551 529 590 de
545 551 748 602 Asiniana,
776 562 850 589 nec
876 551 924 588 de
942 553 1171 592 Oetae-iana
1192 551 1316 607 (anno
1334 555 1419 593 721.

82 626 106 652 a
133 616 301 652 Caesare
329 613 507 662 condita,
534 613 612 650 Dio
641 614 748 650 Cass.
769 614 831 663 49,
860 614 920 650 43.
948 614 1027 663 fin.,
1048 625 1164 662 quam
1181 616 1422 659 intellexisse

82 676 239 714 videtur
264 675 491 723 Kirchner.,
519 674 586 721 qui
613 674 655 709 in
681 677 830 721 quaest.
859 686 897 722 p.
928 676 986 712 13.
1015 673 1052 726 ξ.
1079 676 1141 712 30.
1178 677 1339 714 satiram
1373 679 1423 715 ad

83 737 255 774 hiemem
288 747 323 772 a.
360 736 445 772 722.
483 732 668 786 retulit),
704 745 776 771 nec
813 735 860 771 de
895 737 1094 774 Palatina
1133 748 1234 774 anno
1270 739 1424 776 demum

82 809 120 835 u.
151 810 183 835 c.
213 797 298 834 726.
326 796 488 834 fundata
514 792 613 847 (Dio
641 795 710 845 53,
749 795 782 832 1.
811 796 873 832 od.
904 796 946 845 l,
974 793 1072 849 31.).
1134 799 1266 835 Alium
1298 800 1425 839 locum

83 858 442 907 circumspiciamus
476 868 637 894 necesse
673 859 745 894 est.
797 857 849 894 Et
882 857 959 894 nisi
994 869 1057 895 me
1083 860 1182 896 fallit
1208 863 1287 896 tres
1313 872 1425 909 prae-

83 924 193 958 terea
221 920 503 969 explicationes
524 918 699 967 prolatae
728 921 829 955 sunt.
881 919 1053 956 Primum
1078 932 1158 958 non
1183 922 1315 959 intimo
1341 923 1425 961 loco

84 982 266 1031 ponenda
293 983 353 1018 est
379 982 570 1019 Lambini
596 982 652 1017 ita
679 980 930 1018 disserentis:
958 982 1021 1031 „O
1044 983 1202 1020 beatum
1220 984 1426 1036 Fannium,

85 1044 148 1081 cui
173 1043 341 1092 populus
368 1044 451 1080 sive
479 1044 638 1079 senatus
666 1042 767 1079 ultro
795 1042 819 1078 i.
850 1054 883 1079 e.
912 1053 992 1079 non
1017 1045 1169 1092 petenti
1197 1057 1358 1096 capsas,
1385 1047 1427 1083 in

84 1105 225 1154 quibus
253 1104 337 1150 ejus
363 1104 454 1141 libri
482 1103 743 1141 conderentur
769 1115 814 1140 ac
843 1107 1112 1156 servarentur,
1140 1107 1427 1156 imaginemque

84 1166 136 1204 ad
161 1166 390 1203 memoriam
416 1165 500 1211 ejus
528 1164 770 1213 prodendam
798 1164 974 1202 detulit.³⁷
1034 1167 1096 1204 Ex
1130 1167 1203 1205 hac
1236 1168 1427 1218 interpre-

85 1228 235 1265 tatione
262 1227 414 1265 Fannio
441 1237 582 1274 capsae
610 1226 661 1262 ad
686 1226 913 1274 recipienda
943 1227 1025 1274 eJ‘us
1062 1228 1207 1277 scripta
1234 1233 1274 1267 et
1299 1231 1428 1279 imago

86 1301 110 1326 a
136 1289 282 1338 populo
309 1288 468 1327 honoris
496 1290 536 1324 et
572 1287 854 1324 aestimationis
881 1299 1020 1327 caussa
1050 1290 1203 1328 oblatae
1231 1295 1334 1344 sunt,
1362 1297 1430 1331 aut

87 1353 318 1400 propterea,
353 1352 397 1387 ut
432 1361 573 1397 capsae
607 1360 686 1386 una
712 1360 799 1385 cum
826 1350 996 1397 imagine
1022 1352 1064 1388 in
1097 1353 1224 1391 locum
1258 1355 1430 1403 aliquem

87 1413 288 1461 publicum
314 1411 580 1460 deferrentur,
616 1414 684 1447 aut
709 1412 754 1447 ut
779 1411 951 1449 Fannius
987 1414 1029 1450 in
1064 1414 1178 1452 domo
1212 1427 1283 1453 sua
1307 1417 1430 1455 libros

89 1474 285 1512 conderet.
337 1473 543 1519 Spolmz'us
569 1467 661 1524 (ed.
697 1472 811 1510 Jahn.
844 1485 881 1521 p.
910 1473 1028 1528 254.)
1064 1487 1201 1524 capsas
1229 1479 1269 1514 et
1293 1478 1430 1525 imagi-

87 1547 178 1572 nem
204 1534 255 1579 ad
282 1533 516 1581 bibliopolas
554 1533 695 1569 missas
730 1544 817 1569 esse
852 1537 1072 1586 contendit,
1109 1539 1171 1574 cui
1210 1540 1429 1577 sententiae

88 1597 163 1634 hoc
190 1595 346 1634 obstare
376 1595 471 1632 dicit
496 1594 707 1631 Weichert.
735 1596 839 1642 poet.
868 1597 935 1633 rel.
963 1609 1001 1646 p.
1022 1598 1107 1635 297.
1127 1601 1230 1651 not.,
1259 1602 1363 1649 quod
1389 1602 1431 1639 in

90 1658 291 1697 Sosiorum
316 1657 490 1694 tabernis
518 1656 707 1703 imagines
744 1657 944 1704 expositas
985 1660 1104 1696 fuisse
1145 1672 1225 1698 non
1266 1665 1427 1700 constet.

90 1721 272 1768 Denique
299 1718 461 1767 insipidi
486 1718 628 1756 Fannii
654 1717 910 1755 admiratores
939 1720 1021 1766 ejus
1050 1722 1195 1770 scripta
1229 1726 1269 1759 et
1295 1724 1431 1771 imagi-

91 1793 182 1819 nem
208 1782 250 1818 in
277 1781 357 1818 suis
385 1782 453 1817 aut
479 1780 521 1816 in
546 1779 711 1827 privatis
738 1780 902 1816 aliorum
928 1781 1174 1820 bibliothecis
1205 1787 1431 1833 reponenda

93 1844 275 1892 poterant
301 1853 459 1891 curare,
494 1852 611 1888 quam
645 1840 943 1887 explicationem
976 1843 1152 1890 pluribus
1187 1849 1431 1885 commenda-

92 1905 151 1941 vit
181 1904 393 1942 W'eielzert.
420 1913 458 1950 p.
487 1913 518 1938 r.
547 1912 633 1949 pag.
655 1901 740 1938 295.
794 1903 950 1953 anue,
979 1905 1012 1941 si
1031 1906 1188 1944 omnino
1217 1908 1265 1945 de
1291 1909 1430 1947 biblio-

93 1966 218 2003 thecis
246 1964 515 2012 cogitandum,
542 1963 747 2000 verissima
780 1963 961 2002 habenda
995 1967 1081 2003 erit.
1134 1968 1202 2005 Sin
1237 1973 1430 2018 spreveris

93 2037 195 2076 quae
222 2026 361 2064 Scholl.
389 2027 549 2062 narrant
576 2027 615 2061 et
641 2024 738 2072 ipsis
764 2025 919 2063 Horatii
951 2028 1082 2065 verbis
1116 2029 1328 2083 institeris,
1362 2045 1431 2071 ne-

94 2099 204 2126 cesse
231 2089 292 2124 est
318 2087 523 2124 confiteare
551 2085 699 2122 dixisse
725 2088 902 2137 poetam,
929 2100 954 2125 a
979 2090 1093 2138 plebe
1120 2094 1159 2128 et
1176 2093 1239 2129 vel
1257 2104 1280 2130 a
1306 2093 1432 2133 ῥοαῖς,

95 2149 339 2199 hominibus,
375 2148 443 2197 qui
477 2148 612 2196 inepta
638 2148 777 2185 Fannii
803 2152 984 2197 poemata
1009 2152 1166 2199 plurimi
1191 2155 1365 2195 facerent
1391 2160 1431 2194 et

97 2211 403 2260 admirarentur,
439 2211 476 2247 ei
509 2210 768 2247 loculamenta
800 2212 974 2259 pretiosa
1013 2215 1052 2249 et
1085 2214 1294 2261 imaginem
1328 2217 1432 2255 dono

98 2272 189 2318 data
215 2275 255 2310 et-
281 2272 410 2310 delata
436 2283 535 2315 esse.
586 2271 682 2308 Inde
708 2273 915 2323 Horatius,
951 2276 995 2311 ut
1020 2275 1087 2323 qui
1114 2287 1184 2313 sua
1209 2278 1354 2328 scripta
1378 2290 1429 2316 ne

98 2333 198 2377 lecta
232 2334 390 2383 quidem
422 2333 568 2370 nedum
601 2332 758 2370 laudata
790 2337 944 2385 nosset,
973 2336 1165 2377 Fannium
1190 2341 1290 2377 salse
1316 2352 1429 2389 prae-

101 2393 243 2433 dicavit
270 2397 438 2434 beatum.
465 2417 516 2425 -
565 2395 673 2433 Haec
705 2405 798 2431 vero
833 2397 964 2434 omnia
997 2408 1074 2446 quo
1104 2399 1312 2438 incertiora
1338 2404 1428 2438 sunt

102 2456 142 2492 et
167 2467 241 2504 quo
267 2458 390 2505 magis
416 2458 593 2495 nituntur
627 2455 879 2508 conjecturis,
916 2469 962 2495 eo
997 2460 1140 2498 certius
1169 2463 1335 2510 probant
1358 2474 1426 2500 ne-

101 2527 293 2567 quaquam
317 2519 503 2568 temporis
529 2518 803 2559 adminiculum
836 2530 886 2557 ex
917 2520 1002 2559 loco
1036 2533 1151 2571 quem
1177 2525 1425 2565 tractavimus
