1659 2948
653 207 927 249 -31-

134 323 200 370 qui
237 323 450 369 plerosque
490 319 538 356 H.
581 317 785 355 voluminis
828 317 1029 354 Sermones
1081 312 1280 349 evidenter
1332 314 1456 351 serius

133 383 367 431 compositos
395 392 479 417 esse
507 391 621 428 quam
646 379 761 427 primi
786 377 1022 424 meminerit,
1056 377 1139 412 tum
1163 376 1274 424 plura
1299 376 1455 413 omnino

132 445 200 482 isti
223 444 365 481 rationi
391 442 608 490 adversari,
634 443 764 477 favere
790 442 957 476 nostrae.

232 506 267 542 2.
302 505 510 543 Videamus
547 502 649 538 enim
684 501 732 537 de
765 502 951 538 librorum
985 499 1213 537 differentia.
1263 499 1310 536 In
1336 499 1458 536 altero

133 567 281 604 cautior
319 566 440 602 multo
481 566 520 600 et
561 563 773 609 mitigatior
817 563 941 598 Satira
983 564 1042 597 est
1081 572 1195 608 quam
1236 562 1279 597 in
1316 561 1457 608 priore.

131 627 323 665 Acerbam
349 626 660 673 mordacitatem,
696 634 772 670 qua
805 623 848 659 in
881 623 954 658 hoc
987 622 1029 656 in
1062 633 1371 670 unumquemque
1397 622 1461 658 vel

131 691 239 726 recto
273 688 336 724 vel
369 689 457 724 ficto
490 685 645 721 nomine
672 686 848 720 notatum
873 683 994 719 libere
1021 682 1217 718 invehitur
1242 705 1293 711 —
1319 684 1396 720 Sat.
1423 684 1459 719 2.

131 750 166 786 3.
195 750 230 786 7.
259 749 293 785 8.
321 769 371 775 —
396 748 539 783 frustra
566 745 803 792 quaesiveris
830 745 872 780 in
897 744 1029 781 altero.
1082 743 1156 779 Hic
1181 754 1260 779 non
1284 747 1365 780 tam
1385 745 1462 781 sin-

131 811 240 856 gulos
268 809 443 845 homines
471 817 586 855 quam
611 817 760 842 morum
787 807 826 842 et
852 805 970 841 totius
996 804 1115 853 vitae⁷
1143 815 1241 852 quae
1262 805 1462 853 qualisque

132 873 223 908 tunc
249 870 334 919 fuit,
363 869 658 918 perversitatem
686 866 833 916 derisit,
861 867 978 914 idque
996 868 1075 902 tam
1094 868 1217 915 caute,
1245 868 1289 902 ut
1311 877 1463 902 omnem

131 932 418 969 cavillationem
451 941 530 966 non
565 942 614 966 ex
649 941 719 966 sua
752 929 874 976 ipsius
902 939 1069 976 persona
1094 930 1138 963 ut
1164 929 1280 964 antea
1304 928 1463 977 faceret,

132 993 202 1030 sed
242 992 454 1029 dramatica
492 1003 584 1027 usus
624 993 747 1028 forma
786 990 975 1026 tribueret
1014 990 1111 1026 aliis.
1177 990 1264 1032 Quo
1303 989 1464 1025 artificio

133 1064 220 1091 cum
245 1056 362 1102 poeta
387 1053 591 1089 referentis
617 1052 738 1089 veluti
773 1052 913 1088 actoris
948 1054 1078 1099 partes
1114 1053 1247 1097 ageret
1265 1049 1347 1103 ¹²),
1381 1050 1466 1087 fieri

130 1127 210 1153 non
234 1118 387 1163 poterat
422 1115 514 1162 quin
540 1115 659 1151 multo
693 1113 814 1150 tutius
842 1116 880 1149 et
906 1113 1054 1149 minore
1081 1113 1294 1149 offensione
1322 1112 1466 1148 circum

130 1177 357 1225 praecordia
399 1176 597 1213 hominum
637 1175 800 1212 luderet.
869 1175 1091 1211 Dramatica
1132 1185 1226 1210 vero
1260 1175 1384 1209 forma
1422 1175 1466 1208 ut
1519 1196 1522 1199 «

131 1238 250 1275 satira
274 1238 406 1274 mitior
432 1239 472 1273 et
497 1238 624 1273 minus
652 1237 751 1273 acris
779 1238 880 1273 facta
907 1238 988 1284 est,
1016 1236 1072 1271 ita
1105 1235 1313 1283 perfectior
1348 1235 1466 1271 etiam

132 1301 172 1335 et
205 1300 384 1336 omnibus
418 1299 588 1335 numeris
623 1299 811 1335 absoluta.
863 1297 1005 1334 Merito
1041 1297 1144 1333 enim
1172 1296 1332 1333 secundi
1357 1296 1465 1332 volu-

131 1361 246 1397 minis
274 1362 426 1407 eclogas
455 1360 503 1396 ad
529 1371 646 1395 unam
680 1371 813 1396 omnes
850 1358 1242 1395 consummatissimas
1265 1357 1465 1404 judicave-

130 1421 197 1458 ris.
248 1421 331 1457 Iam
366 1433 452 1457 cum
486 1421 677 1468 duplicem
711 1421 810 1457 hanc
838 1420 978 1456 satirae
1005 1420 1260 1456 mutationem
1293 1419 1397 1455 inter
1424 1430 1465 1455 se

131 1483 340 1518 cohaerere
363 1484 403 1517 et
424 1481 575 1531 studiis,
603 1483 759 1527 ingenio
788 1482 967 1528 vitaeque
1000 1482 1211 1517 conditioni
1239 1483 1379 1528 poetae
1405 1491 1466 1516 re-

133 1542 345 1591 spondere,
375 1542 468 1589 quin
495 1553 544 1577 ex
570 1553 647 1577 uno
675 1542 888 1588 eodemque
916 1544 1021 1578 fonte
1042 1544 1254 1589 profectam
1274 1553 1359 1577 esse
1386 1552 1466 1577 non

130 1606 212 1641 tam
251 1605 553 1640 consentaneum
592 1613 706 1650 quam
744 1603 1010 1638 necessarium
1050 1604 1121 1639 sit:
1165 1603 1366 1649 utriusque
1406 1603 1465 1638 rei

114 1676 309 1709 caussam
326 1675 375 1701 ex
393 1665 547 1700 diversa
560 1666 698 1712 poetae
717 1665 845 1699 aetate
873 1664 1126 1711 repetendam
1153 1675 1238 1700 esse
1265 1665 1299 1700 is
1327 1664 1466 1712 opinor

133 1726 340 1775 concedet,
377 1726 443 1773 qui
475 1737 611 1761 verum
644 1725 871 1774 impulsum,
909 1736 983 1773 quo
1012 1726 1061 1761 ad
1087 1726 1159 1762 hoc
1186 1726 1315 1773 poesis
1344 1736 1465 1771 genus

135 1788 271 1824 ductus
299 1787 370 1836 sit,
400 1787 608 1823 crediderit
636 1798 745 1835 611111,
782 1797 897 1833 quem
924 1798 1041 1834 supra
1069 1787 1293 1833 significavi.
1346 1788 1465 1824 Nam-

134 1859 208 1896 que
235 1851 279 1884 ut
303 1849 481 1895 mitigata
506 1849 581 1884 ista
607 1848 697 1884 libri
723 1848 771 1883 II.
802 1848 919 1883 satira
946 1849 1060 1895 plane
1087 1849 1298 1896 respondet
1324 1850 1463 1896 poetae

134 1910 262 1946 animo
297 1920 483 1957 prospera
508 1911 684 1945 fortunae
711 1908 979 1945 vicissitudine
1007 1910 1177 1946 emollito
1206 1912 1245 1946 et
1272 1921 1357 1946 cum
1384 1910 1466 1946 vita

135 1971 246 2019 quasi
272 1970 520 2006 reconciliato
549 1968 644 2019 (Sat.
661 1970 697 2018 2,
719 1970 752 2006 1.
773 1970 855 2006 44.:
879 1973 995 2017 pacis
1022 1969 1208 2023 cupiclo):
1235 1972 1291 2007 ita
1313 1971 1462 2021 eadem,

134 2032 238 2080 quod
264 2031 473 2079 perfectior
499 2033 558 2067 est
586 2033 624 2067 et
650 2032 912 2078 praestantior
928 2053 978 2059 —
1004 2033 1066 2068 vel
1093 2033 1126 2068 si
1152 2044 1335 2069 versuum
1361 2044 1463 2069 com-

134 2093 367 2141 positionem
393 2092 612 2140 respexeris
638 2114 689 2120 --
713 2092 911 2139 ingenium
945 2093 1075 2141 prodit
1107 2094 1279 2139 longiore
1316 2095 1463 2131 exerci-

134 2155 281 2191 tatione
309 2154 454 2191 cultum
481 2156 519 2190 et
546 2154 845 2191 corroboratum.
901 2155 1028 2198 Quare
1064 2155 1125 2191 vel
1158 2156 1248 2192 inde
1275 2153 1463 2192 in'altero

134 2217 234 2253 libro
256 2218 413 2264 poetam
430 2217 556 2251 aetate
575 2217 857 2263 provectiorem
875 2217 1121 2265 perspexeris
1136 2213 1208 2270 13).
1261 2217 1464 2254 Accedunt

136 2277 222 2314 alia.
282 2277 437 2313 Absunt
472 2277 513 2313 in
546 2278 762 2324 posteriore
805 2278 904 2314 libro
947 2279 1140 2324 flagitiosa
1173 2280 1212 2314 et
1253 2278 1460 2326 impudica.

135 2337 260 2375 Multa
285 2339 501 2375 tractantur
534 2349 632 2386 quae
669 2339 718 2375 ad
751 2339 1036 2387 philosophiam
1062 2340 1268 2388 pertinent.
1320 2341 1462 2377 Multo-

136 2408 220 2435 rum
253 2399 471 2449 hominum,
508 2411 604 2448 quos
637 2400 679 2436 in
711 2400 840 2448 priore
877 2401 1090 2451 sugillavit,
1125 2402 1231 2438 nulla
1263 2402 1305 2438 in
1339 2402 1460 2438 altero

137 2550 192 2578 unt
223 2504 288 2581 {3}
314 2507 402 2538 Bene
431 2507 492 2538 hac
523 2507 563 2539 de
601 2518 635 2539 re
675 2507 828 2539 disseruit
866 2508 1002 2539 Passov.
1040 2508 1097 2540 vit.
1137 2518 1210 2550 pag.
1247 2508 1395 2540 LXVIII.
1426 2511 1459 2540 et

225 2592 285 2634 13)
309 2595 349 2625 cf.
372 2595 507 2627 Passov.
530 2596 591 2627 vit.
613 2598 679 2627 not.
702 2596 778 2629 173.
802 2596 877 2630 174.
895 2597 968 2630 179.
