1679 2948
144 265 247 301 mine
287 265 514 300 Sermonum
555 266 594 300 et
628 265 892 313 Epistolarum
932 264 1239 313 disquisiverunt
1257 262 1307 317 ὁ).
1370 265 1484 312 Quod

143 324 467 373 quemadmodum
494 325 560 363 alii
587 325 629 362 in
655 326 731 362 alia
765 338 807 364 re
836 327 953 363 situm
987 338 1073 363 esse
1101 326 1394 363 existimarunt:
1429 327 1485 364 ita

141 388 250 423 fuere
285 387 353 435 qui
386 387 506 424 ullum
540 387 698 423 omnino
725 399 811 425 esse
839 389 1055 436 praefracte
1083 390 1281 434 negarent.
1334 388 1485 425 Horum

141 449 184 485 in
215 459 378 485 numero
411 459 554 486 nomen
588 461 701 487 suum
736 450 941 497 profitetur
978 451 1252 499 l‘l'ee'ehertus,
1293 449 1483 496 elegantis

135 509 275 556 judieii
309 510 369 547 vir
403 513 444 547 et
478 511 644 548 eximiae
685 511 896 548 doctrinae.
950 511 988 548 Is
1028 511 1126 549 adeo
1166 522 1244 548 non
1283 513 1483 548 externam

141 571 394 619 epistolarum
419 573 581 609 sormam
608 575 737 622 curat,
765 574 808 608 ut
835 573 877 609 in
902 573 1126 620 prolusione
1152 572 1201 609 de
1228 574 1362 610 Horat.
1392 584 1480 620 epp.

139 643 241 669 anno
270 633 378 669 1826.
409 634 552 682 scripta
578 645 657 670 non
692 634 816 670 solum
850 634 957 670 fictas
992 633 1180 681 quasdam
1216 645 1302 670 esse
1337 635 1483 670 statuat

139 690 193 746 (I,
222 694 256 731 7.
287 695 346 731 14.
377 694 434 730 17.
466 690 571 746 18.)7
608 694 678 733 sed
712 695 1020 742 perfectissimae
1056 695 1175 731 etiam
1201 695 1344 731 satirae
1372 697 1483 731 natu-

138 767 221 792 ram
247 766 341 803 prae
369 767 411 792 se
446 757 548 792 ferre
585 755 782 792 existimet
817 754 1022 803 epistolam
1057 756 1147 793 libri
1173 756 1202 792 I.
1233 756 1291 792 19.
1344 756 1381 793 A
1407 766 1483 803 quo

137 826 210 862 ego
230 815 380 862 judicio
406 827 486 853 non
511 816 673 852 multum
699 827 761 852 me
799 816 1008 853 abhorrere
1043 818 1247 865 profiteor,
1284 819 1415 852 tamen
1441 820 1483 852 ut

138 878 210 914 hac
237 888 392 926 quoque
419 878 461 914 in
486 889 528 915 re
556 878 598 914 in
623 877 858 914 intermedia
892 878 956 914 via
990 877 1103 925 longe
1139 878 1235 915 mihi
1261 876 1398 913 videar
1423 879 1483 913 tu-

137 939 288 976 tissime
314 940 540 987 procedere.
594 940 696 977 Nam
732 950 966 988 quamquam
993 940 1096 980 inter
1122 939 1312 988 quosdam
1339 950 1482 976 sermo-

137 1012 207 1038 nes
232 1003 273 1039 et
299 1001 486 1050 epistolas
511 1012 591 1037 non
617 1002 763 1038 formae
792 1001 916 1038 solum
951 1002 1021 1038 sed
1056 1002 1174 1038 etiam
1200 1001 1344 1038 indolis
1372 1001 1482 1038 diffe-

135 1062 303 1099 rentiam
338 1074 424 1099 esse
460 1062 651 1100 concedo:
690 1063 916 1111 primariam
953 1065 1085 1100 tamen
1122 1063 1164 1098 in
1203 1064 1325 1099 forma
1366 1062 1482 1098 sitam

134 1135 235 1173 esse,
264 1126 304 1160 et
331 1123 526 1160 diversam
553 1123 724 1161 indolem
751 1135 830 1161 non
857 1136 908 1161 ex
935 1124 1090 1161 diversa
1117 1124 1320 1171 utriusque
1348 1123 1480 1171 poesis

134 1187 295 1235 natura,
331 1185 401 1221 sed
428 1197 478 1222 ex
504 1185 718 1222 immutatis
744 1188 885 1233 poetae
912 1185 1052 1222 studiis
1080 1180 1131 1222 et*
1154 1185 1274 1222 animi
1308 1184 1480 1221 affectio-

133 1245 249 1283 nibus
275 1247 457 1294 vitaeque
484 1247 610 1284 modis
638 1246 906 1284 deducendam
932 1258 1018 1283 esse
1046 1246 1386 1294 persuasissimum
1414 1245 1480 1282 ha-

134 1310 221 1346 beo.
275 1309 338 1345 Ex
377 1319 464 1344 mea
503 1308 622 1355 igitur
649 1309 844 1345 sententia
879 1310 1085 1346 Sermones
1121 1311 1161 1344 et
1195 1308 1396 1356 Epistolae
1430 1306 1481 1343 ad

135 1380 256 1406 unum
282 1369 463 1417 idemque
490 1369 622 1418 poesis
649 1380 771 1416 genus
790 1370 1002 1422 pertinent,
1030 1372 1162 1407 tamen
1180 1372 1223 1406 ut
1242 1371 1282 1406 et
1299 1370 1340 1405 in
1357 1370 1481 1406 forma

134 1433 175 1470 ct
200 1431 242 1467 in
268 1430 398 1467 indole
425 1435 507 1468 tres
529 1429 789 1478 perfectionis
813 1435 972 1481 gradus
1004 1442 1225 1477 agnoscam.
1278 1431 1331 1467 Et
1364 1429 1479 1478 primi

133 1492 290 1541 quidem
316 1492 459 1528 limites
487 1492 573 1539 ipsa
601 1492 781 1529 satirieae
816 1493 948 1541 poesis
975 1492 1196 1529 rudimenta
1222 1492 1477 1540 constituunt,

132 1566 232 1603 quae
259 1554 301 1590 in
325 1553 426 1590 libro
454 1553 682 1590 Sermonum
708 1554 737 1590 Ι.
768 1555 959 1591 contineri
996 1554 1176 1590 vidimus.
1229 1554 1266 1590 A
1292 1564 1370 1601 quo
1398 1552 1478 1588 exi-

132 1617 209 1654 mie
236 1616 384 1653 distant
410 1614 501 1651 libri
526 1615 575 1651 II.
605 1615 834 1665 Sermones,
863 1616 930 1664 qui
956 1615 1151 1664 numeris,
1189 1615 1406 1652 elocutione
1434 1624 1479 1649 ae

133 1677 414 1726 compositione
442 1678 481 1712 et
507 1677 758 1725 perfectiores
794 1679 885 1713 sunt
910 1688 1027 1725 quam
1053 1677 1225 1726 priores,
1262 1678 1302 1713 et
1328 1676 1478 1712 drama-

133 1740 211 1776 tiea
237 1741 360 1776 forma
385 1749 487 1774 novo
514 1738 634 1774 veluti
662 1738 824 1775 artificio
858 1750 999 1775 novam
1034 1738 1201 1774 induunt
1235 1740 1274 1773 et
1310 1736 1477 1782 singula-

134 1813 216 1838 rem
242 1801 423 1838 indolem.
465 1800 630 1847 Superat
657 1802 788 1837 tamen
815 1800 917 1836 hune
944 1800 1108 1836 alterum
1135 1799 1297 1845 gradum
1322 1798 1475 1846 tertius,

133 1864 175 1899 in
202 1873 278 1910 quo
305 1861 509 1910 epistolica
544 1860 674 1909 poesis
709 1863 781 1898 est.
835 1861 943 1898 Haec
983 1860 1119 1897 cadem
1153 1860 1305 1897 ratione
1340 1871 1365 1896 a
1391 1859 1476 1896 Ser—

133 1924 313 1961 monibus
339 1925 463 1960 forma
489 1933 560 1958 sua
588 1922 738 1971 differt,
775 1932 852 1970 qua
879 1921 1131 1958 drammatiea
1156 1933 1227 1958 sua
1250 1921 1351 1958 liber
1378 1920 1475 1958 Sati-

133 1996 263 2023 rarum
288 1986 336 2022 ΙΙ.
366 1996 389 2021 a
414 1984 567 2032 priore,
602 1983 658 2020 ita
684 1986 727 2033 ut
754 1983 955 2032 epistolica
981 1984 1104 2020 forma
1130 1985 1291 2019 eatenus
1326 1983 1475 2018 tantum

132 2047 326 2096 pedestris
353 2046 468 2093 hujus
503 2048 542 2082 et
577 2045 834 2093 depressioris
860 2045 1097 2083 Horatianae
1131 2044 1262 2092 poesis
1296 2045 1476 2080 naturam

131 2111 277 2158 mutet,
319 2110 510 2156 quatenus
551 2107 754 2155 utriusque
794 2108 1020 2145 Sermonum
1059 2106 1265 2143 voluminis
1305 2105 1474 2142 indolem

135 2171 320 2217 dialogus.
376 2169 421 2206 In
455 2169 581 2217 primo
623 2169 749 2205 stadio
789 2171 907 2217 poeta
945 2180 995 2205 ex
1032 2179 1104 2204 sua
1142 2167 1266 2215 ipsius
1306 2176 1475 2215 persona

135 2233 318 2280 pleraque
345 2232 486 2280 refert,
527 2230 569 2267 in
605 2231 776 2268 secundo
804 2233 907 2267 tecta
946 2230 1057 2278 quasi
1098 2228 1267 2265 auctoris
1306 2237 1474 2276 persona

135 2293 339 2330 referentis
366 2293 507 2329 actoris
533 2294 666 2339 partes
693 2293 794 2342 agit,
830 2293 871 2328 in
899 2292 1013 2328 tertio
1042 2291 1208 2339 denique
1242 2288 1473 2326 intermedia

138 2355 321 2403 epistolae
348 2355 470 2391 forma
497 2365 590 2390 usus
617 2365 695 2390 una
730 2356 768 2390 et
797 2364 905 2390 suam
941 2356 980 2390 et
1015 2353 1176 2390 aliorum
1210 2361 1397 2399 personas
1434 2349 1472 2385 in

228 2540 265 2582 δ’)
291 2541 329 2570 cf·
354 2540 485 2572 Kirchn·
512 2540 561 2572 ed.
588 2541 656 2572 Sat.
684 2551 714 2581 ι».
740 2541 806 2572 vn.
832 2541 967 2572 Passov⁵
1003 2542 1067 2571 not.
1093 2539 1167 2571 178.
1195 2538 1270 2571 150.
1296 2540 1327 2569 et
1351 2537 1424 2570 252.
