1659 2948
712 234 984 274 -18—

188 344 338 393 pictura
362 342 721 391 repraesentaverit.
774 341 888 384 Quod
923 351 999 388 quo
1025 339 1280 377 vividioribus
1307 339 1508 376 adumbra-

187 407 269 442 tum
305 405 480 441 videmus
515 402 726 451 coloribus,
767 411 918 449 quoque
953 400 995 437 id
1029 399 1168 436 clarius
1195 413 1216 436 e
1244 413 1278 438 v.
1315 402 1360 439 41
1378 402 1507 438 —54.
1545 417 1552 421 „

186 467 332 503 elucet:
369 477 415 502 eo
441 464 561 509 magis
589 463 741 499 miseris
768 473 881 511 sane,
917 461 1019 509 quod
1045 463 1253 508 paupertas
1278 462 1344 499 illa
1368 463 1510 512 audax,

187 538 284 576 quae
312 527 361 564 ad
387 525 524 574 poesin
549 525 730 560 Flaccum
755 523 977 572 instigavit,
1014 522 1064 559 ad
1097 533 1280 570 perversa
1314 524 1354 558 et
1377 524 1512 571 iniqua

179 588 327 634 judicia
360 587 592 633 interpretes
628 584 815 632 quosdam
849 585 1066 633 impulerit,
1109 584 1226 632 inque
1265 583 1419 620 fraudes
1453 583 1509 620 in-

185 648 339 686 duxerit
372 647 615 696 multiplices.
676 646 758 683 Iam
791 657 884 682 vero
919 657 965 682 ea
999 656 1097 693 quae
1133 645 1180 682 de
1214 645 1364 682 Luculli
1388 644 1510 681 milite

183 709 367 757 legimus,
396 708 463 756 qui

574 801 625 808 —
649 801 700 808 —
726 780 885 816 collecta
911 780 1054 817 viatica
1080 779 1211 815 multis

248 877 251 879 .
279 839 508 891 Aerumnis,
535 841 660 877 lassus
688 841 780 878 dum
804 844 918 878 nocte
947 842 1096 890 stertit,
1125 840 1174 877 ad
1201 849 1327 876 assem

141 960 144 962 Ι
182 913 231 950 28
268 913 517 962 Perdiderat,
567 915 657 961 post
695 914 785 949 hoc
823 913 1087 950 vehemens
1126 913 1295 961 lupus,
1331 913 1378 948 et
1412 909 1510 947 sibi

631 986 651 1010 e
663 976 678 1009 t
712 975 737 1010 h
748 986 770 1010 o
782 974 847 1010 sti

279 1036 444 1072 Iratus
479 1035 694 1084 pariter,
725 1035 922 1080 jejunis
960 1034 1198 1071 dentibus
1235 1045 1361 1083 acer,

278 1096 520 1134 Praesidium
545 1108 586 1132 re
591 1097 674 1142 gale
701 1096 785 1132 loco
814 1097 975 1145 dejecit,
1003 1099 1046 1132 ut
1073 1096 1195 1145 ajunt,

279 1158 431 1194 Summe
459 1158 606 1193 munito
635 1159 673 1193 et
699 1158 905 1194 multarum
932 1158 1052 1194 divite
1078 1169 1219 1194 rerum.

280 1218 414 1256 Clarus
440 1219 490 1254 ob
516 1218 558 1254 id
584 1220 726 1255 factum
754 1219 864 1255 donis
892 1221 1050 1255 ornatur
1075 1218 1248 1254 honestis
1261 1228 1273 1266 ς

277 1280 432 1327 Accipit
459 1281 498 1316 et
523 1280 584 1316 bis
612 1280 712 1316 dena
739 1292 855 1329 super
882 1282 1062 1317 sestertia
1087 1289 1296 1315 nummum.
1322 1307 1326 1309 r

181 1351 268 1389 vide
295 1363 410 1400 quam
434 1353 613 1388 accurate
639 1374 690 1380 —
715 1353 791 1389 nisi
826 1353 1005 1399 imaginis
1043 1353 1283 1389 involucrum
1308 1349 1509 1387 fastidiose

177 1413 366 1462 presseris
383 1435 434 1440 —
459 1413 720 1461 respondeant
746 1415 807 1463 iis,
837 1425 935 1462 quae
964 1414 1011 1450 de
1040 1426 1080 1450 se
1108 1415 1252 1450 Romae
1281 1414 1319 1448 et
1345 1411 1510 1448 Athenis

177 1474 314 1511 faustis
352 1474 535 1521 auspiciis
579 1475 725 1511 nutrito
766 1476 1102 1523 conformatoque,
1148 1473 1217 1509 sed
1253 1472 1346 1509 belli
1385 1471 1508 1507 civilis

177 1537 289 1571 aestu
323 1535 365 1570 in
400 1545 507 1570 arma
541 1537 580 1570 et
613 1536 787 1582 pericula
821 1536 1025 1582 absumpto
1053 1531 1109 1584 (v.
1132 1529 1343 1584 40-48.)
1370 1532 1509 1568 effatur

177 1597 293 1644 poeta
320 1606 342 1630 a
368 1607 404 1631 v.
433 1596 518 1630 49.:

276 1655 386 1692 Unde
414 1655 527 1691 simul
553 1655 719 1703 primum
745 1667 805 1692 me
834 1657 1014 1693 dimisere
1041 1655 1211 1704 Philippi

275 1716 428 1754 Decisis
457 1716 640 1752 humilem
665 1717 803 1764 pennis
832 1718 1131 1765 inopemque
1167 1716 1369 1765 paterni

177 1778 223 1816 51
268 1778 328 1814 Et
353 1777 477 1813 laris
513 1779 561 1813 et
587 1778 730 1814 fundi
756 1781 1032 1826 paupertas
1060 1779 1262 1826 impulit
1289 1776 1463 1826 audax,

274 1838 334 1875 Ut
360 1849 536 1874 versus
565 1840 802 1889 facerem3
832 1840 913 1889 sed,
943 1840 1044 1887 quod
1062 1851 1139 1876 non
1159 1839 1272 1888 desit,
1299 1838 1506 1875 habentem

276 1900 384 1941 Quae
412 1901 594 1946 poterunt
620 1911 788 1947 unquam
816 1901 910 1936 satis
938 1912 1152 1948 expurgare
1181 1901 1342 1948 cicutae,

276 1959 328 1996 Ni
355 1959 492 1994 melius
521 1960 736 1996 dormire
764 1964 897 2008 putem
924 1973 1039 2009 quam
1066 1962 1233 1998 scribere
1259 1957 1425 1996 versus?

279 2042 574 2089 Comparantem
601 2043 702 2078 enim
729 2045 768 2079 et
796 2044 1000 2089 diligenter
1026 2044 1284 2094 pensitantem
1309 2055 1347 2079 v.
1376 2042 1436 2079 28.
1465 2045 1504 2078 et

179 2104 238 2141 51.
282 2113 360 2139 non
403 2103 547 2150 poterit
589 2104 822 2152 praeterire,
872 2105 969 2140 hanc.
1012 2117 1098 2141 esse
1141 2105 1217 2141 loci
1259 2103 1501 2140 sententiam.

180 2164 513 2208 Quemadmodum
568 2164 678 2199 miles
735 2165 798 2200 illc
853 2165 968 2201 rebus
1020 2166 1181 2213 perditis
1233 2164 1502 2216 desperatique

179 2227 308 2274 actus,
335 2225 438 2260 vitae
464 2224 669 2274 prodigus,
706 2225 887 2273 sibique
915 2227 1059 2273 pariter
1081 2229 1195 2274 atque
1210 2226 1312 2262 hosti
1327 2227 1503 2263 iratusin

178 2287 346 2323 furorem
379 2285 508 2321 verius
544 2297 657 2333 quam
692 2286 958 2323 fortitudinem
1000 2287 1177 2324 bellicam
1220 2290 1423 2335 protrusus
1461 2289 1502 2323 et

178 2347 363 2394 abreptus
400 2346 470 2395 sit,
507 2346 562 2382 ita
597 2358 637 2382 sc
672 2347 854 2383 Horatius
882 2349 937 2384 ait
971 2349 1219 2385 acerbissima
1245 2360 1367 2397 eaque
1393 2348 1501 2384 fatali

180 2407 395 2444 calamitate
438 2418 614 2454 pressum
651 2407 803 2452 jactura
855 2409 1074 2459 dignitatis,
1126 2410 1335 2451 libertatis,
1366 2409 1499 2456 reique

180 2468 377 2505 familiaris
404 2468 453 2504 ad
480 2479 565 2504 eam
590 2479 711 2516 usque
738 2470 999 2506 morositatem
1027 2473 1065 2506 et
1090 2471 1237 2518 rabiem
1263 2471 1500 2519 compulsum

180 2539 287 2578 esse,
329 2530 372 2565 ut
397 2529 516 2565 totius
543 2529 660 2579 vitae,
689 2530 764 2566 sui
799 2531 961 2579 ipsius
998 2534 1037 2568 et
1063 2531 1261 2568 hominum
1286 2543 1375 2569 osor
1399 2531 1499 2568 indi·

181 2589 428 2639 gnationem,
465 2589 654 2640 dolorem,
689 2591 840 2641 odium,
875 2593 971 2628 iram
1005 2593 1289 2630 contumeliosis
1324 2592 1498 2629 versibus
