1643 2959
605 236 662 246 -
709 213 890 258 159-

91 325 192 376 247„
216 323 415 362 Kirchner.
444 326 597 373 quaest.
622 335 660 374 p.
688 325 723 362 5.
751 323 787 375 ξ.
815 324 851 360 9.
880 324 920 359 et
945 332 982 370 p.
1008 322 1043 360 9.
1070 319 1107 373 ξ.
1135 321 1195 359 20.
1213 323 1254 358 et
1271 322 1407 359 Grote-

90 386 192 423 send.
221 397 258 434 p.
286 386 370 422 473.
398 385 435 423 b.
464 397 617 423 carmen
643 397 678 423 a.
706 386 790 422 734.
819 386 1018 421 exaratum
1051 394 1135 420 esse
1161 385 1408 432 censuerunt,

89 447 145 483 ita
169 457 231 483 me
253 447 384 493 judice
412 445 586 496 decepti,
613 449 656 483 ut
681 447 737 483 nil
752 457 877 494 supra.
929 445 1114 482 Refellam
1128 445 1258 481 statim
1270 454 1410 480 vanam

89 507 227 544 horum
252 507 536 557 opinationem,
561 517 612 544 ne
637 508 679 543 in
703 518 811 543 meae
837 506 998 543 rationis
1025 506 1186 552 gratiam
1208 516 1272 542 res
1298 515 1409 553 aper-

88 569 260 605 tissimas
295 568 456 615 argutiis
499 568 732 605 confundere
765 567 910 605 videar.
968 567 1056 604 Non
1094 565 1273 614 equidem
1309 576 1408 611 nego

94 630 319 666 Cantabros
352 630 551 677 aptissime
588 640 622 666 a.
656 629 740 666 734.
776 628 947 676 potuisse
983 627 1060 664 dici
1093 638 1218 677 „sera
1244 629 1411 665 domitos

88 694 234 727 calena
258 692 450 738 servire²’,
477 690 618 738 quippe
646 691 712 737 qui
737 692 819 726 tum
846 689 998 726 demum
1024 688 1071 724 ab
1099 689 1271 736 Agrippa
1296 689 1423 735 plane.

88 750 358 796 subigerentur
385 746 482 801 (Dio
511 751 616 787 Cass.
642 751 703 798 54,
732 750 788 786 11.
815 750 915 786 Flor.
942 750 986 798 4,
1014 749 1072 786 12.
1099 747 1135 798 ξ.
1162 749 1208 785 51
1238 760 1293 796 sq.
1318 749 1410 787 Hor.

87 811 199 857 epist.
228 811 272 859 1,
301 810 359 846 12.
385 807 478 861 26.).
530 809 606 846 Sed
633 821 718 845 cum
744 809 1036 845 bellicosissima
1061 810 1137 845 ista
1161 810 1268 845 natio
1288 819 1409 856 eaque

85 869 241 907 indocta
265 871 525 906 Romanorum
546 870 641 914 juga
667 871 766 905 ferre
794 865 877 920 (od.
904 869 948 917 2,
975 869 1009 905 6.
1032 866 1088 921 2.)
1116 870 1320 916 aliquoties
1348 880 1411 905 su-

84 932 221 978 perata
248 930 320 980 sit,
355 931 522 978 primum
548 929 632 966 725.
660 925 765 981 (Dio
791 930 853 978 51,
880 925 991 980 20.)‚
1027 928 1166 966 deinde
1194 930 1277 966 729.
1304 926 1410 980 (Dio

84 991 154 1040 53,
182 987 272 1043 25.)
300 993 339 1027 et
365 992 384 1026 7
390 992 448 1028 31.
476 987 583 1042 (Dio
610 991 681 1039 53,
709 986 798 1042 28.)
836 994 876 1027 et
906 992 964 1027 ita
997 995 1212 1039 superata,
1245 995 1293 1028 uc
1321 995 1412 1038 post

82 1054 401 1100 unumquodque
428 1053 575 1089 bellum
598 1053 724 1098 plane
756 1051 927 1088 subacta
961 1055 999 1087 et
1030 1053 1138 1088 creda·
1167 1054 1343 1098 potuerit
1374 1056 1412 1089 ec

84 1115 236 1150 credita
273 1115 325 1149 sic
359 1124 386 1148 a
419 1114 635 1161 Romanis,
677 1114 814 1159 sponte
858 1113 1019 1158 apparet
1059 1113 1199 1148 factam
1225 1113 1412 1162 „subacti

86 1173 308 1210 Cantabri„
331 1173 568 1209 mentionem
594 1173 781 1209 incertam
799 1172 982 1219 temporis
1000 1174 1130 1208 notam
1148 1184 1233 1208 esse
1260 1174 1300 1209 et
1325 1184 1410 1209 eam

82 1235 232 1270 tantum
256 1233 336 1269 vim
362 1233 529 1282 habere,
556 1236 599 1269 ut
626 1234 822 1270 confirmet
855 1243 953 1280 quae
988 1232 1151 1268 aliorum
1180 1233 1410 1270 indiciorum

81 1305 156 1342 ope
184 1294 443 1341 explorantur.
494 1295 582 1330 Jam
609 1294 642 1330 si
667 1294 816 1340 reliqua
842 1293 1145 1342 examinaveris,
1178 1293 1325 1331 nullum
1351 1295 1409 1331 in-

82 1355 239 1404 venies,
267 1354 370 1402 quod
396 1365 429 1391 a.
451 1354 536 1391 734.
561 1355 717 1391 indicet.
759 1355 871 1390 Hunc
888 1365 980 1390 vero
998 1353 1288 1392 incredibilibus
1308 1367 1410 1393 com-

82 1416 223 1452 mentis
251 1416 509 1463 expiscantur.
569 1415 739 1461 Fingunt
765 1415 840 1451 sibi
867 1416 906 1450 et
932 1415 1010 1451 alta
1026 1426 1119 1451 voce
1138 1417 1408 1466 pronunciant,

82 1478 220 1514 Dacos
247 1488 293 1512 eo
320 1486 421 1512 anno
446 1476 571 1512 victos
600 1486 684 1511 esse
704 1486 726 1511 a
743 1475 907 1512 Lentulo
926 1471 982 1527 (v.
1008 1475 1057 1511 ad
1080 1476 1114 1525 l,
1135 1473 1236 1528 19),
1263 1478 1411 1524 fingunt

84 1537 159 1574 sibi
185 1539 225 1573 et
251 1537 301 1573 ad
326 1547 510 1572 nauseam
527 1547 646 1583 usque
664 1537 857 1585 repetunt,
883 1537 1149 1574 Maecenatem
1165 1540 1256 1575 tunc
1282 1539 1410 1586 ipsum

82 1597 242 1634 absente
281 1598 457 1643 Augusto
496 1596 584 1632 urbi
624 1599 663 1633 et
699 1597 834 1634 ltaliae
873 1598 1108 1647 praefuisse,
1152 1610 1238 1635 cum
1278 1601 1410 1636 tamen

80 1657 302 1706 Ayrz'ppam
322 1657 404 1704 jam
430 1668 463 1695 a.
491 1658 576 1694 733.
604 1657 652 1694 ab
679 1658 855 1703 Augusto
889 1658 931 1694 in
956 1658 1155 1695 Orientem
1188 1661 1409 1707 profecturo

81 1719 169 1755 urbi
194 1720 430 1766 praefectum
454 1719 574 1755 fuisse
600 1721 705 1755 certo
732 1721 881 1756 constet
907 1715 1004 1769 (Dio
1030 1720 1092 1769 54,
1119 1717 1187 1772 6.).
1229 1721 1409 1768 Denique

81 1779 318 1826 persuadent
360 1780 436 1816 sibi
469 1780 631 1828 aliisque
674 1781 908 1828 persuadere
946 1782 1126 1830 cupiunt,
1165 1781 1231 1818 illa
1269 1782 1410 1821 verba:

75 1842 257 1890 „Medus
280 1838 452 1886 infestus
476 1842 553 1878 sibi
586 1843 778 1878 luctuosis
802 1842 980 1878 Dissidet
1013 1842 1170 1879 armis’>
1196 1842 1313 1879 scribi
1339 1854 1408 1890 po-

82 1901 204 1937 tuisse
230 1911 317 1937 ann.
344 1901 428 1938 735.
480 1902 679 1947 Tanquam
704 1902 889 1937 Phraates
916 1912 962 1937 eo
996 1905 1169 1950 tempore
1203 1914 1283 1940 non
1307 1904 1408 1951 poti-

83 1964 145 1997 tus
170 1962 287 1997 fuerit
312 1972 462 2011 rerum3
490 1964 672 2008 tanquam
698 1962 901 1998 Horatium
926 1963 1133 1999 verisimile
1161 1963 1212 1999 sit
1245 1964 1406 2001 redditis

83 2022 202 2067 signis
231 2024 269 2058 et
287 2022 449 2069 captivis
472 2022 519 2058 de
538 2023 641 2059 civili
657 2023 885 2059 Parthorum
904 2023 1095 2061 discordia
1109 2025 1228 2062 verba
1253 2026 1406 2075 fecisse,

82 2083 248 2119 tacuisse
283 2094 376 2119 vero
411 2083 458 2119 de
487 2094 529 2119 re
556 2083 910 2129 famigeratissima!
960 2084 1011 2122 Di
1037 2085 1215 2122 meliora!
1266 2086 1406 2122 Videa-

81 2154 166 2180 mus
194 2142 286 2190 quid
311 2143 370 2179 rei
397 2144 458 2180 sit.
496 2145 557 2181 De
584 2155 616 2181 a.
644 2145 728 2181 734.
754 2145 914 2191 cogitari
938 2146 1084 2193 nequit.
1128 2146 1406 2184 Cantabrorum

83 2206 212 2240 autem
237 2205 597 2241 commemoratione
622 2205 683 2255 fit,
710 2207 754 2242 ut
778 2206 880 2242 inter
903 2217 1024 2243 annos
1051 2207 1132 2243 725.
1151 2207 1235 2244 729.
1263 2209 1302 2244 et
1319 2208 1403 2245 730.

83 2264 189 2312 optio
216 2264 340 2302 detur.
390 2265 472 2302 Nec
499 2265 663 2302 difficilis
690 2266 860 2303 delectus
878 2270 947 2304 est.
989 2268 1103 2304 Anno
1120 2268 1203 2304 725.
1219 2269 1404 2306 Horatius

83 2334 160 2361 non
185 2327 341 2373 poterat
375 2324 423 2361 de
451 2326 653 2362 Cantabris
687 2338 782 2364 sera
816 2328 970 2365 domitis
1006 2330 1141 2365 catena
1164 2329 1290 2379 loqui,
1317 2340 1404 2366 cum

85 2383 127 2419 id
159 2386 342 2434 temporis
383 2387 562 2433 primum
594 2387 680 2423 istis
714 2388 892 2433 gentibus
926 2389 1068 2426 bellum
1100 2390 1248 2426 illatum
1288 2391 1403 2427 esset.

84 2443 178 2482 Nec.
195 2446 400 2484 Maecenas
434 2447 521 2484 urbi
546 2449 762 2495 praefectus
793 2452 896 2498 erat3
922 2460 1012 2487 nam
1037 2450 1170 2487 aderat
1193 2452 1403 2496 Augustus.

85 2503 220 2551 Neque
258 2510 393 2544 curant
429 2511 569 2556 poetae
609 2508 685 2545 ista
718 2511 845 2546 aetate
874 2511 1095 2549 Cantabros.
1147 2512 1263 2547 Immo
1288 2511 1402 2557 longe

87 2564 162 2601 alia
186 2567 417 2605 carminibus
443 2569 641 2619 intexunt,
667 2570 850 2608 Horatius
875 2572 1052 2610 maxime.
1101 2571 1327 2620 Loquuntur
1351 2571 1400 2609 de
