1643 2959
687 218 966 259 —188—

564 344 615 353 ·--
663 329 738 362 stet
767 325 1004 372 Capitolium

366 388 563 435 Fulyens,
588 387 922 435 triumphatisque
944 386 1070 433 possit

430 448 562 485 Roma
584 444 708 493 fero-22
733 451 834 485 dare
859 448 959 494 jara
983 448 1126 497 Medis,

167 510 208 546 in
233 507 371 557 quibus
396 507 560 545 Parthos
588 507 767 546 subactos
794 509 999 555 significari
1033 509 1172 556 putant
1198 509 1238 544 et
1263 507 1407 545 idcirco
1431 510 1491 547 ³2·-

163 581 249 618 yna
272 571 466 608 militaria
490 575 651 618 recepta
677 571 970 608 subodorantur.
1024 570 1141 619 Male,
1168 569 1337 617 inquam.
1376 569 1492 607 Nam·

166 641 241 678 que
268 641 354 667 cum
378 631 435 667 nil
461 631 567 667 aliud
593 632 757 668 Junonis
786 632 913 668 verbis
940 631 1034 668 insit
1058 631 1135 667 nisi
1169 631 1266 668 hoc:
1305 630 1494 681 „Crescet

164 692 425 729 Romanorum
449 691 676 742 imperium,
706 695 745 730 et
764 693 970 738 subjicient
997 692 1072 729 sibi
1088 713 1139 720 —
1155 703 1226 740 per
1250 703 1312 729 me
1337 692 1428 728 licet
1444 713 1494 720 -—

164 753 414 798 gravissimos
441 753 573 790 hostes
599 754 776 805 Parthos,
806 754 1011 791 dummodo
1027 765 1077 790 ne
1095 754 1211 800 Troja
1228 764 1361 790 eorum
1377 764 1495 802 opera

163 817 341 860 resurgat
351 815 388 865 3⁷⁹
414 815 525 852 facile
549 818 735 863 perceptu
762 818 842 865 est,
870 818 1079 854 victoriam
1105 818 1155 853 de
1170 816 1334 853 Parthis
1351 824 1494 863 repor-

165 878 338 913 tandam
365 887 393 912 a
414 881 535 923 poeta
561 879 791 924 eoespectarz·
815 879 1113 926 tantummodo,
1146 878 1305 924 sperari
1331 878 1371 912 et
1393 886 1494 924 pro—

164 938 275 974 mitti.
328 937 442 979 Quod
469 936 606 973 eodem
633 948 721 973 eum
746 940 920 985 tempore
956 938 1093 974 fecisse
1124 937 1260 986 credo,
1295 948 1372 985 quo
1399 936 1495 973 divi-

165 1006 235 1033 nos
280 998 445 1034 honores
480 998 657 1043 Augusto
693 998 740 1035 ob
777 997 954 1044 adjectos
996 1000 1163 1045 imperio
1205 998 1426 1035 Britannos
1460 1002 1498 1035 ec

163 1069 312 1106 yraves
337 1059 490 1095 Persas
522 1058 710 1095 tributum
743 1058 793 1095 iri
829 1059 969 1095 effatus
1005 1061 1065 1095 est
1099 1059 1140 1095 in
1179 1058 1348 1095 carmine
1382 1058 1496 1106 huJus

165 1119 256 1156 libri
283 1119 417 1167 quinto
445 1131 479 1156 a.
507 1119 591 1156 727.
621 1120 777 1168 scripto.
830 1120 986 1157 Etenim
1020 1120 1122 1156 cirea
1154 1119 1197 1156 id
1230 1121 1383 1167 tempus
1415 1120 1496 1157 Au-

167 1182 303 1226 gustus
330 1181 371 1217 in
397 1181 638 1217 Britanniam
665 1183 704 1218 et
731 1181 931 1218 Orientem
950 1180 1218 1229 expeditiones
1245 1179 1420 1230 parabat,
1448 1180 1496 1217 de

166 1253 329 1290 quarum
356 1253 535 1279 successu
571 1253 658 1279 cum
691 1243 884 1280 Romanos
921 1253 1068 1279 summa
1107 1252 1282 1290 quaeque
1318 1253 1495 1290 sperasse

164 1306 248 1339 tum
274 1305 409 1350 poetas
437 1303 593 1340 finxisse
621 1305 661 1339 et
685 1305 1061 1350 magnificentissime
1086 1304 1235 1340 locutos
1262 1314 1348 1340 esse
1373 1303 1497 1351 ipsius

167 1364 321 1401 Horatii
346 1364 570 1401 testimonio
598 1365 787 1401 evincitur
812 1366 853 1401 in
879 1377 992 1403 carm.
1022 1365 1057 1414 l,
1085 1365 1144 1401 35.
1173 1364 1222 1401 29
1240 1376 1297 1413 sq.
1325 1366 1365 1401 et
1384 1364 1494 1414 l,2l.

169 1425 215 1461 13
243 1435 299 1472 sq.
327 1447 378 1453 —
429 1426 557 1469 Quare
584 1426 659 1463 hoc
685 1437 859 1475 carmen,
887 1427 929 1462 in
955 1437 1030 1474 quo
1057 1428 1096 1463 et
1120 1426 1206 1474 ipso
1232 1427 1430 1472 Augustus
1456 1426 1497 1462 in

167 1486 327 1523 deorum
360 1498 521 1524 numero
554 1489 719 1524 refertur
752 1499 788 1524 v,
828 1488 899 1537 10„
926 1499 996 1535 pro
1024 1499 1070 1524 ea
1097 1499 1211 1536 quam
1237 1487 1284 1524 de
1311 1487 1496 1535 temporis

168 1549 397 1593 cognatione
425 1549 562 1585 horum
588 1551 811 1596 poematum
844 1549 1029 1597 proposui
1064 1550 1284 1595 conjectura
1310 1560 1357 1586 eo
1383 1548 1497 1586 confi-

167 1609 321 1645 dentius
349 1621 382 1645 a.
409 1609 494 1646 727.
522 1610 698 1659 assigno,
734 1621 810 1657 quo
845 1610 986 1646 certius
1024 1612 1261 1657 compertum
1295 1609 1495 1658 habemus,

161 1669 244 1715 jam
270 1681 304 1706 a.
333 1670 417 1706 725.
443 1670 492 1706 ob
520 1670 626 1718 ipsas
651 1682 715 1706 res
741 1671 938 1707 Parthicas
959 1671 1171 1707 Octaviano
1199 1670 1350 1707 divinos
1376 1670 1496 1707 hono-

166 1742 230 1767 res
266 1731 441 1767 decretos
476 1731 622 1781 fuisse,
657 1734 838 1768 narrante
873 1732 1000 1769 Dione
1029 1733 1134 1769 Cass.
1163 1731 1233 1780 51,
1262 1731 1320 1768 19.
1349 1733 1389 1767 et
1413 1731 1496 1768 20.:

166 1792 232 1828 καὶ
258 1787 392 1839 ἐπειδὴ
419 1793 485 1828 καὶ
510 1788 559 1829 τὰ
585 1793 677 1843 περὶ
703 1791 781 1830 τῶν
807 1792 996 1844 Πάρθων
1028 1795 1247 1844 γράμματα
1280 1787 1424 1839 ἦλθεν,
1458 1790 1498 1838 ἕς

167 1865 208 1890 τε
235 1850 326 1899 τοὺς
353 1850 499 1902 ὕμνους
525 1850 645 1890 αὐτὸν
671 1849 713 1898 ἓξ
738 1851 828 1890 ἰ’σου
855 1854 939 1899 τοῖς
955 1853 1069 1900 θεοῖς
1094 1850 1373 1907 ἔσγράφεσθαι
1398 1855 1495 1890 caet.

271 1964 515 2000 cAnMEN
540 1965 621 2002 lv.
655 1967 899 2016 „Descende
925 1964 1058 2004 coel0“
1087 1977 1118 2003 a.
1146 1964 1218 2002 728
1245 1963 1497 2013 compositum

169 2037 255 2062 esse
282 2025 483 2074 probabile
509 2026 561 2064 fit.
614 2029 728 2065 Certe
761 2038 840 2063 non
875 2028 1001 2075 potuit
1035 2029 1170 2076 antea,
1211 2026 1313 2074 quod
1347 2025 1495 2062 arboris

169 2097 280 2122 casus
316 2091 551 2124 memoratur
584 2100 620 2125 v.
653 2089 713 2126 27.
749 2088 813 2136 (cs.
849 2100 886 2137 p.
922 2089 1024 2138 162.)
1085 2089 1184 2126 Tum
1219 2088 1260 2125 in
1293 2097 1360 2136 ea,
1396 2095 1493 2133 quae

167 2147 346 2192 leguntur
371 2160 406 2186 v.
433 2149 480 2184 33
508 2160 583 2197 sq.:

367 2210 500 2246 Visam
525 2210 744 2249 Britannos
771 2211 989 2258 hospitibus
1017 2211 1119 2246 feros

368 2270 418 2306 Et
443 2272 588 2308 laetum
613 2272 754 2319 equino
781 2271 968 2317 sanguine
999 2270 1252 2318 Concanum,
1288 2276 1290 2279 ·

170 2331 348 2368 facillime
383 2334 499 2378 poeta
533 2333 607 2370 hoe
642 2343 742 2369 anno
770 2331 940 2369 incidere
966 2333 1141 2380 poterat,
1177 2341 1264 2368 cum
1296 2329 1494 2376 Augustus

169 2392 211 2428 in
243 2392 501 2429 Britanniam
534 2393 763 2440 trajecturus
792 2393 1089 2442 Cantabrorum,
1123 2393 1307 2428 Asturum
1333 2393 1374 2427 et
1398 2393 1493 2429 Vac-

171 2463 350 2490 caeorum
382 2452 590 2490 rebellione
624 2455 666 2491 in
696 2456 942 2502 Hispaniam
974 2454 1031 2490 ire
1066 2455 1219 2490 coactus
1253 2454 1358 2489 esset
1394 2449 1492 2504 (Dio

170 2514 240 2563 53,
267 2510 361 2566 25.).
423 2513 469 2550 In
501 2514 571 2551 has
605 2515 880 2564 remotissimas
915 2515 1020 2551 orbis
1054 2516 1175 2551 terras
1209 2524 1297 2551 eum
1331 2513 1386 2550 ait
1410 2515 1492 2552 tute

172 2575 382 2624 proficisci,
418 2575 484 2623 qui
519 2575 589 2613 sub
625 2576 822 2613 Musarum
848 2575 969 2613 tutela
995 2575 1057 2613 sit.
1115 2575 1250 2623 Neque
1276 2575 1348 2613 hac
1374 2574 1490 2612 desti-

1606 452 1613 541 ³.
