1643 2959
713 249 1004 289 —118—

391 360 583 405 Tempore
607 367 687 404 quo
704 355 872 402 juvenis
896 356 1060 392 Parthis
1084 357 1330 408 horrendus,
1360 359 1410 396 ab
1440 362 1519 398 atto

390 420 620 455 Demissum
643 428 773 465 glenus
798 416 951 466 Aenea,
977 417 1119 454 tellure
1143 421 1329 466 marique

390 481 570 526 Maynus
595 481 681 528 erit,
709 478 799 514 forti
824 478 946 514 nubet
971 484 1133 525 procera
1161 479 1312 516 Corano

390 539 491 576 Filia
516 540 694 589 Nasicae,
722 540 929 576 metuentis
956 539 1120 576 reddere
1148 540 1309 577 soldum.

194 603 254 639 Ex
279 601 339 637 his
359 603 464 637 certo
484 601 666 637 discimus
696 601 853 637 satiram
887 603 975 648 post
993 612 1081 637 ann.
1097 601 1182 637 720.
1203 602 1388 650 scriptam
1413 613 1522 653 esse3

193 673 283 699 nam
316 664 405 698 ante
431 662 472 698 id
506 664 658 710 tempus
684 663 867 699 Horatius
898 663 1112 699 Octaviano
1136 663 1309 699 nondum
1333 663 1390 700 ita
1415 664 1523 714 favit,

193 725 237 759 ut
262 723 443 760 blandam
470 728 509 760 et
534 724 784 761 honorificam
811 724 892 769 ejus
927 724 1164 760 mentionem
1199 724 1341 761 alieubi
1375 725 1523 762 fecerit.

192 784 388 821 Probabili
415 786 546 821 autem
570 786 720 822 ratione
747 785 875 831 colligi
902 796 1016 833 posse
1041 786 1196 822 videtur
1222 797 1309 822 eam
1334 787 1424 822 ante
1454 796 1525 833 pu-

193 855 309 891 gnam
324 846 524 883 Actiacam
551 849 749 883 exaratam
777 858 885 896 esse,
911 858 1002 883 nam
1029 847 1062 883 si
1088 850 1190 897 post,
1218 847 1403 884 Horatius
1420 846 1526 883 haud

193 906 309 943 dubie
352 908 658 953 magnificentius
700 908 851 944 locutus
895 910 998 944 esset
1042 910 1081 944 et
1117 909 1362 945 disertiorem
1395 918 1525 944 rerum

193 970 388 1013 gestarum
413 969 567 1005 laudem
591 969 836 1005 intexuisset.
891 971 992 1006 Cave
1019 970 1138 1014 igitur
1164 971 1213 1006 ob
1231 970 1352 1007 verba
1371 968 1526 1018 ,juve-

192 1031 257 1065 nis
281 1030 443 1067 Parthis
468 1028 726 1067 horrendus-‘f
748 1028 794 1065 de
813 1030 1061 1077 expeditione
1076 1031 1236 1080 cogites,
1265 1041 1382 1078 quam
1406 1030 1525 1067 Octa-

193 1089 329 1125 vianus
356 1102 392 1126 a.
419 1091 504 1127 724.
541 1093 580 1126 et
615 1090 699 1126 725.
727 1090 769 1126 in
802 1090 938 1126 Asiam
980 1091 1164 1140 suscepit,
1207 1093 1247 1128 et
1285 1090 1528 1127 subditorum

193 1150 322 1187 omnia
347 1152 505 1198 negotia
539 1153 579 1188 et
611 1162 704 1187 vero
739 1151 858 1187 etiam
895 1153 1088 1189 Parthica
1135 1153 1418 1200 compositurus
1457 1149 1524 1202 (cf.

191 1221 230 1260 p.
261 1209 380 1264 110.).
435 1214 492 1249 Eo
527 1215 702 1261 tempore
737 1214 855 1260 poeta
889 1213 1046 1250 unicum
1079 1224 1210 1249 rerum
1243 1213 1433 1251 arbitrum
1457 1213 1527 1249 vix

191 1271 355 1319 juvenis
380 1273 536 1309 nomine
563 1274 850 1324 insignivisset,
886 1285 958 1311 nec
984 1274 1137 1311 Parthis
1164 1285 1254 1310 eum
1276 1273 1525 1323 horrendum,

195 1333 264 1370 sed
282 1334 388 1382 ipsos
415 1335 579 1371 Parthos
601 1336 683 1382 jam
706 1341 930 1382 prostratos
948 1338 987 1371 et
1005 1335 1185 1372 subactos
1208 1335 1385 1384 dixisset,
1411 1335 1526 1383 plane

194 1396 238 1431 ut
264 1396 341 1432 Sat.
369 1395 407 1445 2,
437 1397 470 1432 1.
500 1397 558 1433 15.
589 1399 795 1446 „vulnera
828 1398 970 1434 Parthi
1005 1398 1177 1434 labentis
1211 1394 1344 1445 equo‘<
1372 1397 1527 1444 praeter

194 1456 400 1493 veritatem
426 1460 624 1494 memorat.
681 1458 924 1504 Omninoque
951 1457 1204 1494 vehementer
1238 1468 1262 1493 a
1286 1468 1381 1493 vero
1415 1457 1526 1494 aber-

193 1520 293 1566 rant,
334 1518 400 1565 qui
439 1519 581 1555 satirae
622 1521 748 1555 ortum
785 1518 847 1554 vel
873 1519 922 1554 ad
947 1529 982 1555 a.
1022 1529 1144 1565 usque
1186 1518 1271 1555 726.
1311 1519 1526 1568 proferunt,

197 1589 333 1625 parum
360 1590 571 1629 memores,
609 1590 724 1627 quam
758 1580 984 1615 incredibile
1011 1579 1082 1627 sit,
1109 1579 1314 1615 Horatium
1339 1579 1527 1627 triumphi

195 1638 513 1688 celebrationem,
548 1642 690 1676 Janum
725 1641 917 1688 clausum,
961 1639 1058 1675 alios
1100 1639 1267 1675 honores
1311 1640 1525 1677 Octaviano

195 1698 292 1746 ipsis
330 1700 485 1737 Calend.
521 1702 678 1738 Januar.
714 1713 747 1738 a.
776 1702 860 1737 725.
897 1701 1073 1736 decretos
1099 1701 1162 1736 vel
1188 1711 1279 1736 casu
1304 1701 1368 1738 vel
1393 1701 1441 1738 de
1465 1702 1525 1738 in-

194 1757 342 1796 dustria
373 1761 563 1811 tacuisse,
599 1764 639 1798 et
672 1773 734 1798 res
769 1763 889 1798 multo
923 1762 1049 1797 minus
1075 1761 1346 1798 memorabiles
1372 1761 1415 1798 in
1440 1761 1524 1808 ejus

192 1820 346 1857 laudem
373 1832 704 1858 commemorasse.
756 1823 802 1859 Id
827 1823 1023 1870 praeclare
1049 1822 1148 1859 vidit
1175 1822 1421 1872 Grotefend.,
1457 1823 1524 1870 qui

193 1893 281 1929 pag.
316 1883 400 1919 465.
436 1883 473 1920 b.
509 1883 566 1919 ita
608 1883 784 1931 scripsit:
828 1884 988 1932 „Dureh
1031 1883 1093 1919 die
1127 1884 1284 1919 WVorte:
1327 1883 1521 1933 „„Parth.

195 1943 466 1979 horrendus”⁷⁷
495 1944 583 1980 darf
602 1955 692 1981 man
727 1945 808 1981 sich
842 1945 949 1981 nicht
975 1944 1162 1981 verleiten
1185 1944 1336 1993 lassen,
1365 1944 1428 1981 die
1455 1945 1522 1981 Sa-

195 2004 269 2040 tire
297 2007 428 2052 spater
453 2005 508 2041 als
535 2006 608 2041 722
635 2017 682 2043 zu
709 2008 861 2055 setzen,
889 2005 1019 2041 indem
1046 2005 1101 2041 sie
1119 2015 1193 2041 nur
1209 2004 1379 2054 heissen,
1408 2004 1522 2041 dass

194 2075 300 2101 man
343 2076 435 2102 von
475 2066 720 2103 Octavian
764 2067 842 2103 die
884 2066 1198 2111 Vollendung
1241 2066 1325 2102 der
1370 2065 1518 2102 Plane

196 2126 288 2162 Cae
301 2138 405 2163 sars
433 2130 677 2163 erwarten
700 2127 874 2164 kenne.
927 2128 1065 2174 Spater
1088 2130 1192 2163 ware
1219 2125 1289 2162 der
1312 2125 1519 2162 Ausdruck

195 2185 271 2222 viel
304 2199 352 2223 zu
388 2187 566 2224 schwach
601 2189 819 2234 gewesen.‘¹'
879 2189 939 2225 Ex
972 2187 1126 2224 Horatii
1158 2187 1243 2223 loco
1269 2186 1452 2232 Virgilius
1476 2186 1520 2223 in

196 2247 334 2293 Georg.
360 2249 427 2285 lib.
453 2249 520 2285 III.
549 2248 702 2286 videtur
728 2249 966 2296 expressisse
993 2260 1049 2284 vs.
1078 2248 1161 2284 342

391 2309 554 2346 Stabunt
580 2313 619 2347 et
644 2311 747 2347 Parii
771 2309 942 2358 lapides,
971 2309 1159 2356 spirantia
1185 2307 1296 2353 signa

389 2369 570 2408 Assaraci
596 2373 744 2420 proles,
773 2373 1051 2418 demissaeque
1078 2370 1127 2406 ab
1154 2370 1257 2406 Jove
1279 2368 1409 2416 yemis

389 2430 578 2481 Nomina,
604 2433 777 2481 Trosque
796 2441 936 2480 parens
955 2433 994 2467 et
1007 2430 1144 2475 Trojae
1165 2428 1352 2475 Cynthius
1369 2431 1512 2466 auctor.

194 2490 233 2524 et
259 2489 299 2525 in
325 2489 353 2526 1.
381 2490 566 2527 Aeneidis
592 2493 700 2530 Jovis
730 2492 954 2529 vaticinium
979 2503 1014 2527 v.
1043 2491 1150 2527 286.:

388 2551 576 2588 Nascetur
602 2554 759 2600 pulchra
785 2552 975 2597 Trojanus
1001 2552 1148 2598 origine
1177 2551 1340 2600 Caesar,
