1643 2959
667 194 944 236 —190—

150 302 260 353 312„
300 302 451 340 Weich.
480 301 526 337 de
563 300 652 338 Var.
681 303 721 338 et
748 302 854 339 cass.
893 312 932 350 p.
968 298 1098 353 373.).
1159 303 1235 341 Sed
1266 304 1475 353 inexsupe-

148 364 262 401 rabili
296 374 454 412 prorsus
488 361 529 397 vi
562 362 844 410 compelluntur
867 362 1047 413 quidam,
1082 365 1126 400 ut
1158 363 1286 402 ubivis
1316 366 1373 403 nil
1396 365 1475 402 nisi

149 426 260 471 signa
286 427 325 461 et
351 423 525 470 captivos
557 422 738 473 videant,
772 434 904 461 morae
931 425 1042 472 quasi
1068 424 1339 475 impatientes,
1370 426 1474 475 quod

148 487 248 522 infra
275 484 428 520 demum
453 483 495 520 in
520 482 582 521 od.
610 485 656 535 4,
685 485 743 522 15.
770 485 807 522 6.
847 486 951 523 clara
988 486 1104 535 hujus
1141 486 1201 524 rei
1241 487 1386 524 mentio
1418 489 1474 524 fa-

149 549 211 584 cta
239 547 320 582 est:

345 607 397 645 Et
420 607 542 655 signa
567 611 704 645 nostro
729 609 900 646 restituit
923 609 1019 646 Jove·

411 669 590 716 Derepta
614 669 859 707 Parthorum
883 671 1070 718 superbis

460 731 648 768 Postibus
673 732 714 766 et
738 742 903 767 vacuum
930 731 1067 769 duellis

344 792 487 829 Janum
513 791 668 835 Quirini
693 792 842 829 clausit.
867 813 920 820 —

144 855 200 893 At
225 865 318 891 vero
343 854 385 890 in
411 864 458 890 eo
485 853 676 902 carmine,
704 852 752 889 de
779 863 857 901 quo
884 853 1013 890 dicere
1040 854 1170 891 exorsi
1195 865 1349 905 sumus,
1384 865 1475 891 ean-

147 915 237 952 dem
262 926 345 952 rem
370 916 589 963 respectam
615 925 701 949 esse
728 913 784 950 ita
808 914 1081 963 improbabilea
1091 917 1171 964 est,
1198 918 1242 951 ut
1266 916 1322 952 nil
1347 926 1475 963 supra.

146 977 243 1020 Quis
271 976 403 1013 credat
438 976 542 1012 enim
567 975 771 1011 Horatium
807 977 874 1010 aut
906 977 1010 1024 tum,
1055 986 1143 1012 cum
1181 975 1229 1012 de
1267 976 1477 1012 reddendis

145 1037 310 1086 captivis
336 1037 439 1073 inter
464 1036 659 1072 Romanos
686 1037 726 1070 et
750 1035 914 1071 Parthos
949 1038 1129 1082 ageretur
1163 1037 1278 1084 atque
1313 1037 1362 1073 de
1388 1047 1478 1085 pro-

145 1099 251 1136 ximo
278 1108 412 1134 eorum
436 1096 566 1133 reditu
591 1107 722 1133 rumor
748 1096 1104 1146 percrebresceret,
1139 1097 1318 1134 omnibus
1352 1108 1478 1146 paene

143 1160 292 1196 viribus
327 1169 398 1206 pro
425 1169 473 1194 ea
505 1168 772 1206 propugnasse
806 1158 1020 1207 sententia,
1055 1160 1099 1194 ut
1131 1159 1236 1206 capti
1268 1159 1410 1195 milites
1435 1158 1479 1195 in

143 1221 398 1259 barbarorum
423 1220 648 1267 captivitate
675 1221 942 1269 remanerent,
968 1221 1035 1255 aut
1061 1221 1150 1267 post
1174 1219 1343 1256 reditum
1368 1221 1478 1256 tanta

144 1284 186 1319 in
212 1293 278 1319 eos
306 1281 517 1318 acerbitate
543 1281 740 1317 invectum
776 1292 884 1330 esse,
919 1282 963 1316 ut
996 1280 1260 1328 turpissimam
1293 1280 1343 1316 iis
1368 1280 1478 1326 igna-

143 1344 249 1382 viam
283 1339 603 1390 exprobraverit‘ss
654 1342 830 1379 Profecto
872 1353 944 1379 nec
978 1342 1153 1388 Augusto
1187 1353 1260 1378 nec
1292 1341 1480 1379 Romanis

144 1407 296 1452 gratum
321 1404 490 1453 fecisset,
516 1414 588 1440 nee
614 1404 691 1451 ipsi
717 1403 855 1440 honori
883 1403 1052 1440 dandum
1069 1406 1187 1453 esset,
1214 1403 1248 1440 si
1273 1404 1375 1441 ultro
1389 1403 1479 1441 red-

144 1467 235 1503 ditis
264 1465 427 1514 captivis
454 1467 494 1501 et
520 1465 640 1511 signis
667 1476 907 1502 communem
932 1464 1103 1501 omnium
1126 1464 1313 1501 laetitiam
1337 1465 1479 1502 intem-

144 1528 300 1576 pestiva
326 1527 590 1564 admonitione
616 1527 826 1576 turbasset,
853 1537 1013 1575 remque
1039 1526 1163 1574 ipsam
1188 1537 1267 1562 non
1284 1528 1363 1562 tam
1380 1526 1478 1564 obli-

144 1600 219 1637 que
245 1589 461 1638 tetigisset,
495 1599 612 1635 quam
638 1591 772 1636 aperte
798 1588 1067 1637 improbasset.
1119 1587 1258 1633 Reguli
1283 1588 1409 1625 oratio
1435 1588 1478 1624 in

143 1649 334 1688 consimili
368 1660 506 1686 caussa
540 1650 781 1697 captivorum
823 1649 1133 1696 redemptionem
1170 1648 1286 1696 plane
1325 1648 1476 1686 dissua-

145 1711 271 1748 dentis
298 1711 504 1758 perspicue
539 1710 674 1760 docet,
709 1711 913 1747 Horatium
939 1713 1021 1746 tum
1047 1711 1195 1745 tantum
1222 1709 1296 1747 hoc
1321 1721 1477 1746 carmen

143 1772 317 1821 potuisse
345 1782 519 1820 exarare,
547 1783 634 1808 cum
658 1772 721 1808 vel
747 1774 902 1820 eac-iqua
926 1782 1019 1819 spes
1044 1776 1166 1820 esset,
1192 1771 1274 1807 fore
1300 1773 1345 1808 ut
1363 1767 1479 1809 cras-

144 1826 275 1870 sianae
304 1832 424 1870 cladis
451 1833 663 1879 ignominia
689 1833 990 1882 abstergeretur,
1017 1833 1080 1868 vel
1106 1832 1308 1881 pactiones
1335 1833 1407 1870 hac
1426 1833 1475 1870 de

143 1907 187 1932 re
213 1906 300 1931 cum
324 1894 477 1930 Parthis
504 1894 624 1931 initae
651 1905 730 1931 non
746 1894 973 1931 habuissent
991 1905 1220 1942 prosperum
1238 1905 1474 1932 successum.

146 1956 375 1995 Consolatur
402 1956 617 2005 Romanos,
645 1956 712 2003 qui
739 1957 908 2002 graviter
935 1956 1124 2005 serebant,
1152 1955 1255 2004 quod
1281 1958 1374 1993 nota
1398 1957 1476 1994 ista

143 2017 291 2055 nomini
316 2017 490 2053 Romano
517 2018 648 2054 inusta
672 2018 844 2054 nondum
872 2018 1000 2054 deleta
1026 2019 1142 2067 esset,
1171 2017 1361 2065 simulque
1380 2017 1474 2054 dex-

143 2080 300 2116 terrime
327 2079 502 2124 Augusto
529 2080 775 2128 gratificatur,
804 2079 896 2115 dum
921 2079 982 2128 id,
1011 2079 1114 2126 quod
1140 2079 1204 2116 ille
1232 2089 1473 2125 summopere

147 2141 360 2189 exoptabat
386 2139 543 2187 quidem
569 2151 695 2187 neque
721 2151 815 2177 vero
843 2143 1070 2177 consecutus
1098 2142 1194 2188 erat,
1220 2149 1270 2174 ne
1289 2141 1472 2186 expeten-

147 2202 240 2238 dum
274 2201 430 2250 quidem
456 2212 543 2237 esse
578 2201 680 2239 clare
715 2202 897 2238 ostendit.
951 2200 1166 2248 Suspiceris
1202 2200 1319 2236 etiam
1352 2200 1472 2236 fuisse

148 2265 251 2313 tum,
287 2263 354 2310 qui
388 2263 564 2311 captivos
599 2264 638 2298 et
665 2262 774 2308 signa
800 2261 982 2298 militaria
1015 2272 1108 2297 auro
1134 2260 1359 2297 redimenda
1385 2272 1472 2298 esse

146 2325 359 2361 censerent.
410 2324 559 2360 Horum
583 2335 675 2361 vero
702 2323 907 2360 eonsilium
941 2322 1050 2368 gravi
1083 2321 1347 2369 indignatione
1382 2322 1470 2370 reji-

146 2385 199 2423 cit
226 2396 260 2423 v.
288 2384 370 2422 25.:

345 2447 452 2484 Auro
476 2456 665 2493 repensus
692 2446 841 2483 scilicet
866 2446 990 2482 acrior

345 2507 459 2544 Miles
484 2506 638 2544 redibit.
690 2507 854 2553 Flagitio
881 2506 1024 2544 additis

412 2569 614 2606 Damnum.
