<?xml version="1.0" encoding="UTF-8"?>
<!DOCTYPE html PUBLIC "-//W3C//DTD XHTML 1.0 Transitional//EN"
    "http://www.w3.org/TR/xhtml1/DTD/xhtml1-transitional.dtd">
<html xmlns="http://www.w3.org/1999/xhtml" xml:lang="en" lang="en">
 <head>
  <title>
</title>
<meta http-equiv="Content-Type" content="text/html;charset=utf-8" />
  <meta name='ocr-system' content='tesseract 3.04.00' />
  <meta name='ocr-capabilities' content='ocr_page ocr_carea ocr_par ocr_line ocrx_word'/>
</head>
<body>
  <div class='ocr_page' id='page_1' title='image "./fastihoratianiac00franuoft_0250.png"; bbox 0 0 1643 2959; ppageno 0'>
   <div class='ocr_carea' id='block_1_1' title="bbox 726 139 1001 179">
    <p class='ocr_par' dir='ltr' id='par_1_1' title="bbox 726 139 1001 179">
     <span class='ocr_line' id='line_1_1' title="bbox 726 139 1001 179; baseline -0.004 0"><span class='ocrx_word' id='word_1_1' title='bbox 726 139 1001 179; x_wconf 74' lang='lat'>—240—</span> 
     </span>
    </p>
   </div>
   <div class='ocr_carea' id='block_1_2' title="bbox 204 247 1529 880">
    <p class='ocr_par' dir='ltr' id='par_1_2' title="bbox 208 247 1525 517">
     <span class='ocr_line' id='line_1_2' title="bbox 211 247 1525 304; baseline 0 -14"><span class='ocrx_word' id='word_1_2' title='bbox 211 248 498 290; x_wconf 78' lang='lat' dir='ltr'>versiculorum</span> <span class='ocrx_word' id='word_1_3' title='bbox 530 259 703 287; x_wconf 89' lang='lat' dir='ltr'>nauseae</span> <span class='ocrx_word' id='word_1_4' title='bbox 735 247 918 299; x_wconf 82' lang='lat' dir='ltr'>quaesita</span> <span class='ocrx_word' id='word_1_5' title='bbox 947 260 1050 287; x_wconf 85' lang='lat' dir='ltr'>nunc</span> <span class='ocrx_word' id='word_1_6' title='bbox 1082 253 1172 287; x_wconf 91' lang='lat' dir='ltr'>tuae</span> <span class='ocrx_word' id='word_1_7' title='bbox 1202 249 1262 289; x_wconf 87' lang='lat' dir='ltr'>rei</span> <span class='ocrx_word' id='word_1_8' title='bbox 1292 249 1525 304; x_wconf 78' lang='lat' dir='ltr'>proderunt,</span> 
     </span>
     <span class='ocr_line' id='line_1_3' title="bbox 211 318 1524 376; baseline 0.002 -14"><span class='ocrx_word' id='word_1_9' title='bbox 211 322 243 362; x_wconf 90' lang='lat' dir='ltr'>si</span> <span class='ocrx_word' id='word_1_10' title='bbox 274 321 388 361; x_wconf 90' lang='lat' dir='ltr'>modo</span> <span class='ocrx_word' id='word_1_11' title='bbox 418 320 491 360; x_wconf 90' lang='lat' dir='ltr'>hoc</span> <span class='ocrx_word' id='word_1_12' title='bbox 520 318 614 358; x_wconf 84' lang='lat' dir='ltr'>mihi</span> <span class='ocrx_word' id='word_1_13' title='bbox 644 325 806 372; x_wconf 85' lang='lat' dir='ltr'>praeter</span> <span class='ocrx_word' id='word_1_14' title='bbox 834 319 969 373; x_wconf 90' lang='lat' dir='ltr'>priora</span> <span class='ocrx_word' id='word_1_15' title='bbox 999 318 1231 370; x_wconf 84' lang='lat' dir='ltr'>confiteare,</span> <span class='ocrx_word' id='word_1_16' title='bbox 1263 327 1304 361; x_wconf 88' lang='lat' dir='ltr'>te</span> <span class='ocrx_word' id='word_1_17' title='bbox 1335 321 1392 376; x_wconf 88' lang='lat' dir='ltr'>[p.</span> <span class='ocrx_word' id='word_1_18' title='bbox 1426 322 1524 375; x_wconf 77' lang='lat'><strong>162]</strong></span> 
     </span>
     <span class='ocr_line' id='line_1_4' title="bbox 208 388 1378 445; baseline -0.003 -10"><span class='ocrx_word' id='word_1_19' title='bbox 208 394 302 435; x_wconf 90' lang='lat' dir='ltr'>illud</span> <span class='ocrx_word' id='word_1_20' title='bbox 332 404 491 433; x_wconf 83' lang='lat' dir='ltr'>carmen</span> <span class='ocrx_word' id='word_1_21' title='bbox 523 388 599 443; x_wconf 91' lang='lat' dir='ltr'>[II,</span> <span class='ocrx_word' id='word_1_22' title='bbox 632 390 702 445; x_wconf 79' lang='lat'>13]</span> <span class='ocrx_word' id='word_1_23' title='bbox 734 391 775 430; x_wconf 88' lang='lat' dir='ltr'>in</span> <span class='ocrx_word' id='word_1_24' title='bbox 806 406 881 444; x_wconf 88' lang='lat' dir='ltr'>quo</span> <span class='ocrx_word' id='word_1_25' title='bbox 912 391 973 431; x_wconf 75' lang='lat' dir='ltr'>hic</span> <span class='ocrx_word' id='word_1_26' title='bbox 1004 390 1227 432; x_wconf 83' lang='lat' dir='ltr'>versiculus</span> <span class='ocrx_word' id='word_1_27' title='bbox 1258 391 1378 443; x_wconf 87' lang='lat' dir='ltr'>inest,</span> 
     </span>
     <span class='ocr_line' id='line_1_5' title="bbox 403 461 1043 517; baseline 0 -13"><span class='ocrx_word' id='word_1_28' title='bbox 403 463 554 504; x_wconf 89' lang='lat' dir='ltr'>Alcaee</span> <span class='ocrx_word' id='word_1_29' title='bbox 585 462 737 516; x_wconf 87' lang='lat' dir='ltr'>plectro</span> <span class='ocrx_word' id='word_1_30' title='bbox 755 462 759 516; x_wconf 76' lang='grc' dir='ltr'><strong>Ι</strong></span> <span class='ocrx_word' id='word_1_31' title='bbox 776 463 873 503; x_wconf 89' lang='lat' dir='ltr'>dura</span> <span class='ocrx_word' id='word_1_32' title='bbox 890 461 895 517; x_wconf 81' lang='grc' dir='ltr'>Ι</span> <span class='ocrx_word' id='word_1_33' title='bbox 910 464 1043 514; x_wconf 81' lang='lat' dir='ltr'>navis,</span> 
     </span>
    </p>

    <p class='ocr_par' dir='ltr' id='par_1_3' title="bbox 204 534 1529 880">
     <span class='ocr_line' id='line_1_6' title="bbox 207 534 1527 578; baseline 0 0"><span class='ocrx_word' id='word_1_34' title='bbox 207 539 334 578; x_wconf 88' lang='lat' dir='ltr'>minus</span> <span class='ocrx_word' id='word_1_35' title='bbox 365 542 475 576; x_wconf 85' lang='lat' dir='ltr'>recte</span> <span class='ocrx_word' id='word_1_36' title='bbox 506 534 554 575; x_wconf 88' lang='lat' dir='ltr'>ad</span> <span class='ocrx_word' id='word_1_37' title='bbox 585 549 729 575; x_wconf 87' lang='lat' dir='ltr'>annum</span> <span class='ocrx_word' id='word_1_38' title='bbox 760 536 841 577; x_wconf 67' lang='lat'>728</span> <span class='ocrx_word' id='word_1_39' title='bbox 870 535 1090 577; x_wconf 91' lang='lat' dir='ltr'>rettulisse.</span> <span class='ocrx_word' id='word_1_40' title='bbox 1124 536 1163 576; x_wconf 88' lang='lat' dir='ltr'>id</span> <span class='ocrx_word' id='word_1_41' title='bbox 1193 536 1311 576; x_wconf 81' lang='lat' dir='ltr'>video</span> <span class='ocrx_word' id='word_1_42' title='bbox 1333 543 1373 577; x_wconf 86' lang='lat' dir='ltr'>te</span> <span class='ocrx_word' id='word_1_43' title='bbox 1394 537 1527 578; x_wconf 85' lang='lat' dir='ltr'>facere</span> 
     </span>
     <span class='ocr_line' id='line_1_7' title="bbox 207 607 1527 665; baseline 0 -15"><span class='ocrx_word' id='word_1_44' title='bbox 207 616 369 665; x_wconf 88' lang='lat' dir='ltr'>propter</span> <span class='ocrx_word' id='word_1_45' title='bbox 398 615 581 648; x_wconf 80' lang='lat' dir='ltr'>octavum</span> <span class='ocrx_word' id='word_1_46' title='bbox 612 621 773 648; x_wconf 88' lang='lat' dir='ltr'>carmen</span> <span class='ocrx_word' id='word_1_47' title='bbox 804 607 894 648; x_wconf 87' lang='lat' dir='ltr'>libri</span> <span class='ocrx_word' id='word_1_48' title='bbox 925 608 1059 659; x_wconf 86' lang='lat' dir='ltr'>tertii,</span> <span class='ocrx_word' id='word_1_49' title='bbox 1102 609 1205 662; x_wconf 90' lang='lat' dir='ltr'>quod</span> <span class='ocrx_word' id='word_1_50' title='bbox 1246 622 1320 663; x_wconf 86' lang='lat' dir='ltr'>ego</span> <span class='ocrx_word' id='word_1_51' title='bbox 1351 609 1527 650; x_wconf 87' lang='lat' dir='ltr'>calendis</span> 
     </span>
     <span class='ocr_line' id='line_1_8' title="bbox 205 680 1525 736; baseline 0 -14"><span class='ocrx_word' id='word_1_52' title='bbox 205 680 366 722; x_wconf 85' lang='lat' dir='ltr'>Martiis</span> <span class='ocrx_word' id='word_1_53' title='bbox 397 680 489 720; x_wconf 92' lang='lat' dir='ltr'>anni</span> <span class='ocrx_word' id='word_1_54' title='bbox 521 681 600 722; x_wconf 73' lang='lat'>725</span> <span class='ocrx_word' id='word_1_55' title='bbox 633 680 821 736; x_wconf 83' lang='lat' dir='ltr'>scriptum</span> <span class='ocrx_word' id='word_1_56' title='bbox 862 687 1019 732; x_wconf 85' lang='lat' dir='ltr'>statuo,</span> <span class='ocrx_word' id='word_1_57' title='bbox 1067 688 1110 721; x_wconf 87' lang='lat' dir='ltr'>tu</span> <span class='ocrx_word' id='word_1_58' title='bbox 1149 695 1252 722; x_wconf 88' lang='lat' dir='ltr'>anno</span> <span class='ocrx_word' id='word_1_59' title='bbox 1283 682 1379 723; x_wconf 74' lang='lat'>729.</span> <span class='ocrx_word' id='word_1_60' title='bbox 1415 681 1525 733; x_wconf 88' lang='lat' dir='ltr'>mihi,</span> 
     </span>
     <span class='ocr_line' id='line_1_9' title="bbox 205 752 1529 809; baseline 0 -15"><span class='ocrx_word' id='word_1_61' title='bbox 205 762 248 794; x_wconf 90' lang='lat' dir='ltr'>ut</span> <span class='ocrx_word' id='word_1_62' title='bbox 286 754 341 794; x_wconf 83' lang='lat' dir='ltr'>ita</span> <span class='ocrx_word' id='word_1_63' title='bbox 380 759 577 803; x_wconf 87' lang='lat' dir='ltr'>statuam,</span> <span class='ocrx_word' id='word_1_64' title='bbox 624 753 770 793; x_wconf 84' lang='lat' dir='ltr'>sufficit</span> <span class='ocrx_word' id='word_1_65' title='bbox 807 753 909 793; x_wconf 89' lang='lat' dir='ltr'>liber</span> <span class='ocrx_word' id='word_1_66' title='bbox 949 752 1085 795; x_wconf 88' lang='lat' dir='ltr'>Cassii</span> <span class='ocrx_word' id='word_1_67' title='bbox 1125 753 1269 795; x_wconf 90' lang='lat' dir='ltr'>Dionis</span> <span class='ocrx_word' id='word_1_68' title='bbox 1308 753 1457 809; x_wconf 90' lang='lat' dir='ltr'>primus</span> <span class='ocrx_word' id='word_1_69' title='bbox 1489 761 1529 794; x_wconf 90' lang='lat' dir='ltr'>et</span> 
     </span>
     <span class='ocr_line' id='line_1_10' title="bbox 204 825 1527 880; baseline 0 -13"><span class='ocrx_word' id='word_1_70' title='bbox 204 825 577 880; x_wconf 82' lang='lat' dir='ltr'>quinquagesimus,</span> <span class='ocrx_word' id='word_1_71' title='bbox 622 825 663 865; x_wconf 91' lang='lat' dir='ltr'>in</span> <span class='ocrx_word' id='word_1_72' title='bbox 703 840 778 879; x_wconf 92' lang='lat' dir='ltr'>quo</span> <span class='ocrx_word' id='word_1_73' title='bbox 819 825 950 866; x_wconf 83' lang='lat' dir='ltr'>onmia</span> <span class='ocrx_word' id='word_1_74' title='bbox 981 840 1080 879; x_wconf 86' lang='lat' dir='ltr'>quae</span> <span class='ocrx_word' id='word_1_75' title='bbox 1111 826 1304 867; x_wconf 77' lang='lat' dir='ltr'>Horatius</span> <span class='ocrx_word' id='word_1_76' title='bbox 1335 826 1410 867; x_wconf 89' lang='lat' dir='ltr'>hoc</span> <span class='ocrx_word' id='word_1_77' title='bbox 1440 839 1527 867; x_wconf 89' lang='lat' dir='ltr'>car-</span> 
     </span>
    </p>
   </div>
   <div class='ocr_carea' id='block_1_3' title="bbox 203 897 1527 1023">
    <p class='ocr_par' dir='ltr' id='par_1_4' title="bbox 203 897 1527 1023">
     <span class='ocr_line' id='line_1_11' title="bbox 203 897 1527 951; baseline 0.001 -13"><span class='ocrx_word' id='word_1_78' title='bbox 203 899 307 939; x_wconf 86' lang='lat' dir='ltr'>mine</span> <span class='ocrx_word' id='word_1_79' title='bbox 337 898 495 951; x_wconf 82' lang='lat' dir='ltr'>attingit</span> <span class='ocrx_word' id='word_1_80' title='bbox 526 911 579 938; x_wconf 86' lang='lat' dir='ltr'>ex</span> <span class='ocrx_word' id='word_1_81' title='bbox 609 897 747 937; x_wconf 82' lang='lat' dir='ltr'>ordine</span> <span class='ocrx_word' id='word_1_82' title='bbox 778 897 1000 949; x_wconf 84' lang='lat' dir='ltr'>perscripta</span> <span class='ocrx_word' id='word_1_83' title='bbox 1029 905 1148 947; x_wconf 85' lang='lat' dir='ltr'>sunt3</span> <span class='ocrx_word' id='word_1_84' title='bbox 1180 898 1392 939; x_wconf 87' lang='lat' dir='ltr'>commissa</span> <span class='ocrx_word' id='word_1_85' title='bbox 1412 897 1527 939; x_wconf 81' lang='lat' dir='ltr'>Mae-</span> 
     </span>
     <span class='ocr_line' id='line_1_12' title="bbox 204 965 1526 1023; baseline -0.002 -12"><span class='ocrx_word' id='word_1_86' title='bbox 204 970 333 1011; x_wconf 77' lang='lat' dir='ltr'>cenati</span> <span class='ocrx_word' id='word_1_87' title='bbox 363 976 453 1023; x_wconf 92' lang='lat' dir='ltr'>post</span> <span class='ocrx_word' id='word_1_88' title='bbox 482 981 651 1022; x_wconf 85' lang='lat' dir='ltr'>pugnam</span> <span class='ocrx_word' id='word_1_89' title='bbox 681 967 889 1006; x_wconf 78' lang='lat' dir='ltr'>Actiacam</span> <span class='ocrx_word' id='word_1_90' title='bbox 934 965 1076 1006; x_wconf 86' lang='lat' dir='ltr'>Italiae</span> <span class='ocrx_word' id='word_1_91' title='bbox 1109 974 1149 1006; x_wconf 89' lang='lat' dir='ltr'>et</span> <span class='ocrx_word' id='word_1_92' title='bbox 1179 967 1288 1007; x_wconf 90' lang='lat' dir='ltr'>urbis</span> <span class='ocrx_word' id='word_1_93' title='bbox 1318 967 1526 1008; x_wconf 81' lang='lat' dir='ltr'>Romanae</span> 
     </span>
    </p>
   </div>
   <div class='ocr_carea' id='block_1_4' title="bbox 199 1037 1530 2538">
    <p class='ocr_par' dir='ltr' id='par_1_5' title="bbox 199 1037 1530 1963">
     <span class='ocr_line' id='line_1_13' title="bbox 203 1037 1530 1092; baseline -0.002 -10"><span class='ocrx_word' id='word_1_94' title='bbox 203 1056 314 1092; x_wconf 81' lang='lat' dir='ltr'>cura,</span> <span class='ocrx_word' id='word_1_95' title='bbox 345 1040 458 1080; x_wconf 89' lang='lat' dir='ltr'>initio</span> <span class='ocrx_word' id='word_1_96' title='bbox 489 1039 582 1079; x_wconf 88' lang='lat' dir='ltr'>anni</span> <span class='ocrx_word' id='word_1_97' title='bbox 612 1040 692 1080; x_wconf 73' lang='lat'>725</span> <span class='ocrx_word' id='word_1_98' title='bbox 723 1038 916 1078; x_wconf 80' lang='lat' dir='ltr'>recitatae</span> <span class='ocrx_word' id='word_1_99' title='bbox 955 1037 995 1078; x_wconf 89' lang='lat' dir='ltr'>in</span> <span class='ocrx_word' id='word_1_100' title='bbox 1027 1044 1169 1079; x_wconf 90' lang='lat' dir='ltr'>senatu</span> <span class='ocrx_word' id='word_1_101' title='bbox 1199 1039 1246 1078; x_wconf 88' lang='lat' dir='ltr'>de</span> <span class='ocrx_word' id='word_1_102' title='bbox 1277 1038 1457 1080; x_wconf 80' lang='lat' dir='ltr'>Tiridate</span> <span class='ocrx_word' id='word_1_103' title='bbox 1489 1046 1530 1080; x_wconf 85' lang='lat' dir='ltr'>et</span> 
     </span>
     <span class='ocr_line' id='line_1_14' title="bbox 202 1108 1524 1163; baseline -0.001 -9"><span class='ocrx_word' id='word_1_104' title='bbox 202 1113 375 1155; x_wconf 80' lang='lat' dir='ltr'>Phraate</span> <span class='ocrx_word' id='word_1_105' title='bbox 424 1112 609 1163; x_wconf 77' lang='lat' dir='ltr'>litterae,</span> <span class='ocrx_word' id='word_1_106' title='bbox 663 1108 857 1153; x_wconf 81' lang='lat' dir='ltr'>Cantabri</span> <span class='ocrx_word' id='word_1_107' title='bbox 901 1124 925 1150; x_wconf 91' lang='lat' dir='ltr'>a</span> <span class='ocrx_word' id='word_1_108' title='bbox 966 1108 1126 1151; x_wconf 89' lang='lat' dir='ltr'>Statilio</span> <span class='ocrx_word' id='word_1_109' title='bbox 1174 1109 1311 1152; x_wconf 88' lang='lat' dir='ltr'>Tauro</span> <span class='ocrx_word' id='word_1_110' title='bbox 1361 1112 1524 1162; x_wconf 68' lang='lat' dir='ltr'>devicti,</span> 
     </span>
     <span class='ocr_line' id='line_1_15' title="bbox 202 1180 1527 1239; baseline -0.002 -12"><span class='ocrx_word' id='word_1_111' title='bbox 202 1186 303 1227; x_wconf 86' lang='lat' dir='ltr'>Daci</span> <span class='ocrx_word' id='word_1_112' title='bbox 344 1192 384 1226; x_wconf 90' lang='lat' dir='ltr'>et</span> <span class='ocrx_word' id='word_1_113' title='bbox 419 1182 646 1226; x_wconf 86' lang='lat' dir='ltr'>Bastarnae</span> <span class='ocrx_word' id='word_1_114' title='bbox 688 1181 863 1239; x_wconf 82' lang='lat' dir='ltr'>Scythae</span> <span class='ocrx_word' id='word_1_115' title='bbox 904 1197 927 1223; x_wconf 91' lang='lat' dir='ltr'>a</span> <span class='ocrx_word' id='word_1_116' title='bbox 955 1181 1017 1223; x_wconf 84' lang='lat' dir='ltr'>M.</span> <span class='ocrx_word' id='word_1_117' title='bbox 1053 1180 1205 1224; x_wconf 90' lang='lat' dir='ltr'>Crasso</span> <span class='ocrx_word' id='word_1_118' title='bbox 1246 1184 1384 1238; x_wconf 82' lang='lat' dir='ltr'>fugati.</span> <span class='ocrx_word' id='word_1_119' title='bbox 1407 1199 1527 1225; x_wconf 88' lang='lat' dir='ltr'>unum</span> 
     </span>
     <span class='ocr_line' id='line_1_16' title="bbox 203 1255 1526 1312; baseline -0.002 -13"><span class='ocrx_word' id='word_1_120' title='bbox 203 1266 241 1299; x_wconf 88' lang='lat' dir='ltr'>te</span> <span class='ocrx_word' id='word_1_121' title='bbox 282 1272 357 1312; x_wconf 87' lang='lat' dir='ltr'>quo</span> <span class='ocrx_word' id='word_1_122' title='bbox 397 1256 526 1298; x_wconf 89' lang='lat' dir='ltr'>minus</span> <span class='ocrx_word' id='word_1_123' title='bbox 573 1256 797 1297; x_wconf 82' lang='lat' dir='ltr'>assentiare</span> <span class='ocrx_word' id='word_1_124' title='bbox 841 1255 1078 1296; x_wconf 75' lang='lat' dir='ltr'>vocabulum</span> <span class='ocrx_word' id='word_1_125' title='bbox 1121 1263 1373 1306; x_wconf 84' lang='lat' dir='ltr'>remoratur,</span> <span class='ocrx_word' id='word_1_126' title='bbox 1424 1257 1526 1309; x_wconf 91' lang='lat' dir='ltr'>quod</span> 
     </span>
     <span class='ocr_line' id='line_1_17' title="bbox 202 1327 1526 1386; baseline -0.002 -15"><span class='ocrx_word' id='word_1_127' title='bbox 202 1338 318 1386; x_wconf 83' lang='lat' dir='ltr'>poeta</span> <span class='ocrx_word' id='word_1_128' title='bbox 350 1328 576 1372; x_wconf 88' lang='lat' dir='ltr'>Cantabros</span> <span class='ocrx_word' id='word_1_129' title='bbox 609 1343 702 1369; x_wconf 83' lang='lat' dir='ltr'>sera</span> <span class='ocrx_word' id='word_1_130' title='bbox 732 1335 875 1369; x_wconf 86' lang='lat' dir='ltr'>catena</span> <span class='ocrx_word' id='word_1_131' title='bbox 906 1327 1075 1368; x_wconf 86' lang='lat' dir='ltr'>domitos</span> <span class='ocrx_word' id='word_1_132' title='bbox 1107 1327 1214 1368; x_wconf 77' lang='lat' dir='ltr'>dicit.</span> <span class='ocrx_word' id='word_1_133' title='bbox 1249 1328 1320 1369; x_wconf 91' lang='lat' dir='ltr'>sed</span> <span class='ocrx_word' id='word_1_134' title='bbox 1354 1342 1426 1368; x_wconf 87' lang='lat' dir='ltr'>cur</span> <span class='ocrx_word' id='word_1_135' title='bbox 1455 1341 1526 1369; x_wconf 89' lang='lat' dir='ltr'>eos</span> 
     </span>
     <span class='ocr_line' id='line_1_18' title="bbox 202 1399 1526 1455; baseline -0.003 -11"><span class='ocrx_word' id='word_1_136' title='bbox 202 1418 281 1444; x_wconf 89' lang='lat' dir='ltr'>non</span> <span class='ocrx_word' id='word_1_137' title='bbox 312 1403 416 1443; x_wconf 87' lang='lat' dir='ltr'>dicat</span> <span class='ocrx_word' id='word_1_138' title='bbox 455 1402 533 1442; x_wconf 89' lang='lat' dir='ltr'>iam</span> <span class='ocrx_word' id='word_1_139' title='bbox 574 1402 716 1442; x_wconf 90' lang='lat' dir='ltr'>dudum</span> <span class='ocrx_word' id='word_1_140' title='bbox 749 1401 933 1441; x_wconf 88' lang='lat' dir='ltr'>debuisse</span> <span class='ocrx_word' id='word_1_141' title='bbox 965 1400 1108 1455; x_wconf 90' lang='lat' dir='ltr'>populo</span> <span class='ocrx_word' id='word_1_142' title='bbox 1138 1399 1323 1441; x_wconf 88' lang='lat' dir='ltr'>Romano</span> <span class='ocrx_word' id='word_1_143' title='bbox 1353 1400 1526 1442; x_wconf 79' lang='lat' dir='ltr'>servitu-</span> 
     </span>
     <span class='ocr_line' id='line_1_19' title="bbox 202 1470 1524 1527; baseline -0.003 -10"><span class='ocrx_word' id='word_1_144' title='bbox 202 1477 308 1517; x_wconf 81' lang='lat' dir='ltr'>tem?</span> <span class='ocrx_word' id='word_1_145' title='bbox 351 1490 442 1516; x_wconf 93' lang='lat' dir='ltr'>num</span> <span class='ocrx_word' id='word_1_146' title='bbox 482 1473 626 1515; x_wconf 74' lang='lat' dir='ltr'>Livius</span> <span class='ocrx_word' id='word_1_147' title='bbox 671 1473 789 1514; x_wconf 82' lang='lat' dir='ltr'>aliter</span> <span class='ocrx_word' id='word_1_148' title='bbox 828 1473 929 1513; x_wconf 87' lang='lat' dir='ltr'>libro</span> <span class='ocrx_word' id='word_1_149' title='bbox 969 1470 1164 1514; x_wconf 86' lang='lat' dir='ltr'>XXVIII</span> <span class='ocrx_word' id='word_1_150' title='bbox 1209 1472 1333 1527; x_wconf 24' lang='lat'><strong>[1&gt;2]?</strong></span> <span class='ocrx_word' id='word_1_151' title='bbox 1374 1472 1524 1527; x_wconf 78' lang='lat' dir='ltr'>‘itaque</span> 
     </span>
     <span class='ocr_line' id='line_1_20' title="bbox 201 1544 1523 1602; baseline -0.002 -14"><span class='ocrx_word' id='word_1_152' title='bbox 201 1547 310 1602; x_wconf 84' lang='lat' dir='ltr'>ergo&#39;</span> <span class='ocrx_word' id='word_1_153' title='bbox 356 1547 481 1601; x_wconf 88' lang='lat' dir='ltr'>inquit</span> <span class='ocrx_word' id='word_1_154' title='bbox 528 1546 671 1601; x_wconf 80' lang='lat' dir='ltr'>‘prima</span> <span class='ocrx_word' id='word_1_155' title='bbox 700 1545 895 1587; x_wconf 86' lang='lat' dir='ltr'>Romanis</span> <span class='ocrx_word' id='word_1_156' title='bbox 927 1545 1026 1585; x_wconf 91' lang='lat' dir='ltr'>inita</span> <span class='ocrx_word' id='word_1_157' title='bbox 1056 1544 1375 1600; x_wconf 86' lang='lat' dir='ltr'>provinciarum,</span> <span class='ocrx_word' id='word_1_158' title='bbox 1423 1558 1523 1599; x_wconf 84' lang='lat' dir='ltr'>quae</span> 
     </span>
     <span class='ocr_line' id='line_1_21' title="bbox 200 1616 1523 1674; baseline -0.003 -14"><span class='ocrx_word' id='word_1_159' title='bbox 200 1621 355 1674; x_wconf 89' lang='lat' dir='ltr'>quidem</span> <span class='ocrx_word' id='word_1_160' title='bbox 386 1619 625 1659; x_wconf 88' lang='lat' dir='ltr'>continentis</span> <span class='ocrx_word' id='word_1_161' title='bbox 657 1619 752 1670; x_wconf 83' lang='lat' dir='ltr'>sint,</span> <span class='ocrx_word' id='word_1_162' title='bbox 784 1625 987 1673; x_wconf 86' lang='lat' dir='ltr'>postrema</span> <span class='ocrx_word' id='word_1_163' title='bbox 1016 1616 1187 1656; x_wconf 90' lang='lat' dir='ltr'>omnium</span> <span class='ocrx_word' id='word_1_164' title='bbox 1209 1623 1348 1657; x_wconf 87' lang='lat' dir='ltr'>nostra</span> <span class='ocrx_word' id='word_1_165' title='bbox 1369 1617 1523 1657; x_wconf 84' lang='lat' dir='ltr'>demum</span> 
     </span>
     <span class='ocr_line' id='line_1_22' title="bbox 199 1686 1524 1745; baseline -0.002 -13"><span class='ocrx_word' id='word_1_166' title='bbox 199 1699 331 1733; x_wconf 86' lang='lat' dir='ltr'>aetate</span> <span class='ocrx_word' id='word_1_167' title='bbox 373 1691 490 1731; x_wconf 85' lang='lat' dir='ltr'>ductu</span> <span class='ocrx_word' id='word_1_168' title='bbox 539 1690 793 1745; x_wconf 87' lang='lat' dir='ltr'>auspicioque</span> <span class='ocrx_word' id='word_1_169' title='bbox 840 1688 1013 1743; x_wconf 86' lang='lat' dir='ltr'>Augusti</span> <span class='ocrx_word' id='word_1_170' title='bbox 1063 1686 1255 1730; x_wconf 85' lang='lat' dir='ltr'>Caesaris</span> <span class='ocrx_word' id='word_1_171' title='bbox 1303 1689 1524 1743; x_wconf 85' lang='lat' dir='ltr'>perdomita</span> 
     </span>
     <span class='ocr_line' id='line_1_23' title="bbox 201 1758 1525 1816; baseline -0.003 -12"><span class='ocrx_word' id='word_1_172' title='bbox 201 1763 293 1805; x_wconf 78' lang='lat' dir='ltr'>est.&#39;</span> <span class='ocrx_word' id='word_1_173' title='bbox 323 1778 415 1804; x_wconf 89' lang='lat' dir='ltr'>num</span> <span class='ocrx_word' id='word_1_174' title='bbox 446 1762 564 1803; x_wconf 87' lang='lat' dir='ltr'>aliter</span> <span class='ocrx_word' id='word_1_175' title='bbox 594 1762 641 1803; x_wconf 94' lang='lat' dir='ltr'>de</span> <span class='ocrx_word' id='word_1_176' title='bbox 671 1761 832 1802; x_wconf 88' lang='lat' dir='ltr'>Parthis</span> <span class='ocrx_word' id='word_1_177' title='bbox 863 1777 942 1802; x_wconf 91' lang='lat' dir='ltr'>non</span> <span class='ocrx_word' id='word_1_178' title='bbox 972 1761 1088 1801; x_wconf 88' lang='lat' dir='ltr'>modo</span> <span class='ocrx_word' id='word_1_179' title='bbox 1119 1761 1191 1801; x_wconf 89' lang='lat' dir='ltr'>sed</span> <span class='ocrx_word' id='word_1_180' title='bbox 1220 1758 1329 1801; x_wconf 87' lang='lat' dir='ltr'>Indis</span> <span class='ocrx_word' id='word_1_181' title='bbox 1350 1759 1525 1816; x_wconf 88' lang='lat' dir='ltr'>Proper-</span> 
     </span>
     <span class='ocr_line' id='line_1_24' title="bbox 201 1831 1524 1889; baseline -0.002 -12"><span class='ocrx_word' id='word_1_182' title='bbox 201 1837 276 1877; x_wconf 89' lang='lat' dir='ltr'>tius</span> <span class='ocrx_word' id='word_1_183' title='bbox 307 1836 407 1876; x_wconf 87' lang='lat' dir='ltr'>libro</span> <span class='ocrx_word' id='word_1_184' title='bbox 448 1842 587 1889; x_wconf 88' lang='lat' dir='ltr'>quarto</span> <span class='ocrx_word' id='word_1_185' title='bbox 630 1832 727 1888; x_wconf 78' lang='lat' dir='ltr'>[HL</span> <span class='ocrx_word' id='word_1_186' title='bbox 759 1835 801 1885; x_wconf 84' lang='lat'>4,</span> <span class='ocrx_word' id='word_1_187' title='bbox 834 1833 909 1887; x_wconf 77' lang='lat'>5]?</span> <span class='ocrx_word' id='word_1_188' title='bbox 941 1831 1088 1884; x_wconf 83' lang='lat' dir='ltr'>‘Sera,</span> <span class='ocrx_word' id='word_1_189' title='bbox 1131 1833 1201 1873; x_wconf 89' lang='lat' dir='ltr'>sed</span> <span class='ocrx_word' id='word_1_190' title='bbox 1230 1832 1424 1874; x_wconf 86' lang='lat' dir='ltr'>Ausoniis</span> <span class='ocrx_word' id='word_1_191' title='bbox 1454 1846 1524 1874; x_wconf 84' lang='lat' dir='ltr'>ve-</span> 
     </span>
     <span class='ocr_line' id='line_1_25' title="bbox 200 1905 704 1963; baseline -0.006 -14"><span class='ocrx_word' id='word_1_192' title='bbox 200 1910 282 1949; x_wconf 90' lang='lat' dir='ltr'>niet</span> <span class='ocrx_word' id='word_1_193' title='bbox 312 1907 517 1963; x_wconf 79' lang='lat' dir='ltr'>provincia</span> <span class='ocrx_word' id='word_1_194' title='bbox 546 1905 704 1960; x_wconf 66' lang='lat' dir='ltr'>virgis.⁹</span> 
     </span>
    </p>

    <p class='ocr_par' dir='ltr' id='par_1_6' title="bbox 199 1978 1523 2538">
     <span class='ocr_line' id='line_1_26' title="bbox 312 1978 1523 2021; baseline -0.002 -1"><span class='ocrx_word' id='word_1_195' title='bbox 312 1978 393 2021; x_wconf 90' lang='lat' dir='ltr'>Sed</span> <span class='ocrx_word' id='word_1_196' title='bbox 424 1979 484 2019; x_wconf 92' lang='lat' dir='ltr'>hic</span> <span class='ocrx_word' id='word_1_197' title='bbox 514 1979 673 2019; x_wconf 88' lang='lat' dir='ltr'>taudem</span> <span class='ocrx_word' id='word_1_198' title='bbox 703 1978 902 2020; x_wconf 89' lang='lat' dir='ltr'>scribendi</span> <span class='ocrx_word' id='word_1_199' title='bbox 932 1979 1049 2019; x_wconf 83' lang='lat' dir='ltr'>finem</span> <span class='ocrx_word' id='word_1_200' title='bbox 1080 1978 1236 2019; x_wconf 86' lang='lat' dir='ltr'>faciam.</span> <span class='ocrx_word' id='word_1_201' title='bbox 1260 1991 1351 2018; x_wconf 87' lang='lat' dir='ltr'>nam</span> <span class='ocrx_word' id='word_1_202' title='bbox 1373 1985 1412 2018; x_wconf 89' lang='lat' dir='ltr'>et</span> <span class='ocrx_word' id='word_1_203' title='bbox 1432 1991 1523 2019; x_wconf 86' lang='lat' dir='ltr'>sen-</span> 
     </span>
     <span class='ocr_line' id='line_1_27' title="bbox 201 2051 1519 2105; baseline -0.002 -13"><span class='ocrx_word' id='word_1_204' title='bbox 201 2053 255 2092; x_wconf 83' lang='lat' dir='ltr'>tio</span> <span class='ocrx_word' id='word_1_205' title='bbox 285 2051 399 2092; x_wconf 86' lang='lat' dir='ltr'>huius</span> <span class='ocrx_word' id='word_1_206' title='bbox 417 2052 520 2091; x_wconf 89' lang='lat' dir='ltr'>modi</span> <span class='ocrx_word' id='word_1_207' title='bbox 549 2065 617 2092; x_wconf 87' lang='lat' dir='ltr'>res</span> <span class='ocrx_word' id='word_1_208' title='bbox 649 2051 746 2092; x_wconf 86' lang='lat' dir='ltr'>satis</span> <span class='ocrx_word' id='word_1_209' title='bbox 777 2051 946 2091; x_wconf 89' lang='lat' dir='ltr'>iucunde</span> <span class='ocrx_word' id='word_1_210' title='bbox 977 2051 1099 2091; x_wconf 87' lang='lat' dir='ltr'>scribi</span> <span class='ocrx_word' id='word_1_211' title='bbox 1127 2051 1200 2093; x_wconf 73' lang='lat' dir='ltr'>vix</span> <span class='ocrx_word' id='word_1_212' title='bbox 1216 2063 1359 2105; x_wconf 84' lang='lat' dir='ltr'>posse:</span> <span class='ocrx_word' id='word_1_213' title='bbox 1391 2061 1519 2102; x_wconf 88' lang='lat' dir='ltr'>neque</span> 
     </span>
     <span class='ocr_line' id='line_1_28' title="bbox 201 2122 1521 2177; baseline -0.005 -13"><span class='ocrx_word' id='word_1_214' title='bbox 201 2138 249 2164; x_wconf 88' lang='lat' dir='ltr'>ea</span> <span class='ocrx_word' id='word_1_215' title='bbox 279 2137 377 2177; x_wconf 89' lang='lat' dir='ltr'>quae</span> <span class='ocrx_word' id='word_1_216' title='bbox 409 2124 584 2164; x_wconf 87' lang='lat' dir='ltr'>dicturus</span> <span class='ocrx_word' id='word_1_217' title='bbox 626 2137 734 2163; x_wconf 87' lang='lat' dir='ltr'>eram</span> <span class='ocrx_word' id='word_1_218' title='bbox 775 2123 835 2163; x_wconf 89' lang='lat' dir='ltr'>his</span> <span class='ocrx_word' id='word_1_219' title='bbox 876 2137 975 2177; x_wconf 89' lang='lat' dir='ltr'>quae</span> <span class='ocrx_word' id='word_1_220' title='bbox 1008 2123 1091 2163; x_wconf 81' lang='lat' dir='ltr'>dixi</span> <span class='ocrx_word' id='word_1_221' title='bbox 1122 2130 1189 2163; x_wconf 87' lang='lat' dir='ltr'>aut</span> <span class='ocrx_word' id='word_1_222' title='bbox 1227 2122 1414 2175; x_wconf 84' lang='lat' dir='ltr'>graviora</span> <span class='ocrx_word' id='word_1_223' title='bbox 1453 2126 1521 2159; x_wconf 90' lang='lat' dir='ltr'>aut</span> 
     </span>
     <span class='ocr_line' id='line_1_29' title="bbox 201 2190 1515 2248; baseline -0.005 -12"><span class='ocrx_word' id='word_1_224' title='bbox 201 2195 407 2236; x_wconf 89' lang='lat' dir='ltr'>subtiliora</span> <span class='ocrx_word' id='word_1_225' title='bbox 438 2202 576 2236; x_wconf 85' lang='lat' dir='ltr'>eraut:</span> <span class='ocrx_word' id='word_1_226' title='bbox 610 2196 794 2248; x_wconf 87' lang='lat' dir='ltr'>denique,</span> <span class='ocrx_word' id='word_1_227' title='bbox 827 2202 871 2235; x_wconf 93' lang='lat' dir='ltr'>ut</span> <span class='ocrx_word' id='word_1_228' title='bbox 900 2195 995 2244; x_wconf 84' lang='lat' dir='ltr'>scis,</span> <span class='ocrx_word' id='word_1_229' title='bbox 1028 2194 1116 2234; x_wconf 88' lang='lat' dir='ltr'>aliis</span> <span class='ocrx_word' id='word_1_230' title='bbox 1147 2191 1317 2245; x_wconf 87' lang='lat' dir='ltr'>negotiis</span> <span class='ocrx_word' id='word_1_231' title='bbox 1347 2191 1404 2231; x_wconf 91' lang='lat' dir='ltr'>ita</span> <span class='ocrx_word' id='word_1_232' title='bbox 1435 2190 1515 2231; x_wconf 91' lang='lat' dir='ltr'>dis-</span> 
     </span>
     <span class='ocr_line' id='line_1_30' title="bbox 201 2262 1513 2318; baseline -0.003 -12"><span class='ocrx_word' id='word_1_233' title='bbox 201 2267 331 2307; x_wconf 88' lang='lat' dir='ltr'>tineor</span> <span class='ocrx_word' id='word_1_234' title='bbox 361 2275 403 2306; x_wconf 91' lang='lat' dir='ltr'>ut</span> <span class='ocrx_word' id='word_1_235' title='bbox 431 2267 627 2308; x_wconf 85' lang='lat' dir='ltr'>interdum</span> <span class='ocrx_word' id='word_1_236' title='bbox 671 2266 744 2306; x_wconf 77' lang='lat' dir='ltr'>vix</span> <span class='ocrx_word' id='word_1_237' title='bbox 781 2265 983 2318; x_wconf 87' lang='lat' dir='ltr'>respirare</span> <span class='ocrx_word' id='word_1_238' title='bbox 1024 2264 1156 2304; x_wconf 82' lang='lat' dir='ltr'>liceat.</span> <span class='ocrx_word' id='word_1_239' title='bbox 1200 2263 1332 2316; x_wconf 87' lang='lat' dir='ltr'>itaque</span> <span class='ocrx_word' id='word_1_240' title='bbox 1363 2269 1406 2303; x_wconf 88' lang='lat' dir='ltr'>tu</span> <span class='ocrx_word' id='word_1_241' title='bbox 1436 2262 1513 2312; x_wconf 90' lang='lat' dir='ltr'>his,</span> 
     </span>
     <span class='ocr_line' id='line_1_31' title="bbox 200 2333 1517 2392; baseline -0.004 -13"><span class='ocrx_word' id='word_1_242' title='bbox 200 2339 387 2392; x_wconf 88' lang='lat' dir='ltr'>quantula</span> <span class='ocrx_word' id='word_1_243' title='bbox 416 2352 580 2392; x_wconf 87' lang='lat' dir='ltr'>cumque</span> <span class='ocrx_word' id='word_1_244' title='bbox 611 2345 718 2388; x_wconf 88' lang='lat' dir='ltr'>sunt,</span> <span class='ocrx_word' id='word_1_245' title='bbox 750 2344 864 2377; x_wconf 90' lang='lat' dir='ltr'>utere</span> <span class='ocrx_word' id='word_1_246' title='bbox 895 2342 937 2375; x_wconf 91' lang='lat' dir='ltr'>ut</span> <span class='ocrx_word' id='word_1_247' title='bbox 966 2335 1094 2375; x_wconf 80' lang='lat' dir='ltr'>voles.</span> <span class='ocrx_word' id='word_1_248' title='bbox 1128 2334 1284 2375; x_wconf 85' lang='lat' dir='ltr'>libellus</span> <span class='ocrx_word' id='word_1_249' title='bbox 1316 2341 1421 2384; x_wconf 88' lang='lat' dir='ltr'>tuus,</span> <span class='ocrx_word' id='word_1_250' title='bbox 1453 2333 1517 2374; x_wconf 86' lang='lat' dir='ltr'>vir</span> 
     </span>
     <span class='ocr_line' id='line_1_32' title="bbox 199 2406 1516 2462; baseline -0.003 -12"><span class='ocrx_word' id='word_1_251' title='bbox 199 2410 442 2461; x_wconf 81' lang='lat' dir='ltr'>doctissime,</span> <span class='ocrx_word' id='word_1_252' title='bbox 473 2411 539 2450; x_wconf 85' lang='lat' dir='ltr'>vel</span> <span class='ocrx_word' id='word_1_253' title='bbox 569 2411 654 2451; x_wconf 86' lang='lat' dir='ltr'>sine</span> <span class='ocrx_word' id='word_1_254' title='bbox 686 2409 746 2449; x_wconf 90' lang='lat' dir='ltr'>his</span> <span class='ocrx_word' id='word_1_255' title='bbox 776 2407 875 2448; x_wconf 89' lang='lat' dir='ltr'>meis</span> <span class='ocrx_word' id='word_1_256' title='bbox 906 2414 1057 2447; x_wconf 84' lang='lat' dir='ltr'>tautum</span> <span class='ocrx_word' id='word_1_257' title='bbox 1086 2406 1174 2447; x_wconf 89' lang='lat' dir='ltr'>aliis</span> <span class='ocrx_word' id='word_1_258' title='bbox 1205 2406 1375 2462; x_wconf 89' lang='lat' dir='ltr'>placebit</span> <span class='ocrx_word' id='word_1_259' title='bbox 1394 2419 1516 2460; x_wconf 89' lang='lat' dir='ltr'>quan-</span> 
     </span>
     <span class='ocr_line' id='line_1_33' title="bbox 200 2477 1135 2538; baseline -0.003 -17"><span class='ocrx_word' id='word_1_260' title='bbox 200 2489 277 2522; x_wconf 90' lang='lat' dir='ltr'>tum</span> <span class='ocrx_word' id='word_1_261' title='bbox 308 2482 398 2523; x_wconf 85' lang='lat' dir='ltr'>mihi</span> <span class='ocrx_word' id='word_1_262' title='bbox 430 2482 588 2538; x_wconf 85' lang='lat' dir='ltr'>placuit.</span> <span class='ocrx_word' id='word_1_263' title='bbox 620 2482 726 2523; x_wconf 78' lang='lat' dir='ltr'>vale.</span> <span class='ocrx_word' id='word_1_264' title='bbox 761 2481 798 2520; x_wconf 90' lang='lat' dir='ltr'>d.</span> <span class='ocrx_word' id='word_1_265' title='bbox 831 2477 1003 2521; x_wconf 79' lang='lat' dir='ltr'>XXVII</span> <span class='ocrx_word' id='word_1_266' title='bbox 1032 2477 1135 2519; x_wconf 86' lang='lat' dir='ltr'>Iulii.</span> 
     </span>
    </p>
   </div>
  </div>
 </body>
</html>
