1659 2948
629 219 905 261 -33-

98 328 254 364 vianum
280 327 559 375 perhonorifice
589 331 627 364 et
654 328 701 366 de
728 329 921 366 industria
939 330 1212 366 commemorat
1229 328 1434 376 aliquoties

97 389 139 424 in
165 380 327 425 alteros
355 390 472 435 Cujus
507 389 548 425 in
582 390 706 437 primo
742 402 899 428 severus
935 392 974 426 et
1008 390 1216 427 acerrimus
1246 390 1370 435 J'udex
1396 393 1436 427 et

97 450 322 486 aestimator
354 452 501 500 fuerat,
538 450 730 487 Lucilium
765 453 896 489 statim
931 452 978 489 ab
1013 451 1125 488 initio
1166 451 1326 489 alterius
1365 451 1434 488 ah'-

97 513 241 558 quanto
276 512 418 548 rectius
455 514 494 548 ct
527 513 647 548 multo
682 512 814 549 mitius
851 513 1039 559 dijudicat
1073 510 1137 566 (v.
1175 513 1234 550 17.
1270 513 1436 561 sapiens

96 571 280 609 Lucilius.
317 584 352 609 v.
381 573 441 609 29.
502 573 628 610 Lucili
662 573 762 623 ritu,
790 576 965 610 nostrum
993 575 1164 611 melioris
1190 576 1368 622 utroque.
1397 585 1433 610 v.

96 633 156 669 74.
211 633 411 681 Quidquid
439 645 523 670 sum
550 645 643 683 ego,
682 636 857 682 quamvis
892 635 997 671 Infra
1021 635 1147 671 Lucili
1183 646 1341 672 censum
1365 637 1435 672 in-

92 692 381 746 qem’umque),
412 696 467 730 ita
493 697 689 744 profecto⁷
725 698 768 731 ut
803 696 879 731 nisi
908 695 1093 743 temporis
1122 697 1290 743 spatium
1315 697 1435 734 inter-

95 756 259 792 cessisse
296 755 401 791 dicas
436 757 626 791 mutatum
661 756 756 792 illud
793 759 833 792 et
867 768 890 792 a
924 757 1054 804 priore
1090 757 1204 804 plane
1240 758 1436 795 diversum

88 816 280 863 judicium
315 815 501 864 explicari
535 819 715 864 nequeat.
778 818 886 860 Quae
914 818 1043 854 omnia
1071 817 1104 853 si
1131 818 1434 869 complectimur,

93 878 180 925 quis
216 877 375 914 tandem
402 879 482 927 est,
519 878 585 925 qui
614 878 809 915 diversum
836 878 1129 926 compositionis
1164 881 1341 928 tempus,
1379 879 1436 916 di·

93 950 246 975 versam
272 941 412 987 poetae
440 941 630 989 aetatem,
659 943 806 977 mutata
834 940 963 977 studia
990 942 1030 976 et
1057 951 1192 976 sensus
1219 940 1436 977 luculenter

94 1000 394 1037 commonstrari
420 999 649 1047 negaveritit
675 1002 757 1038 Iam
784 1002 817 1038 si
843 1002 932 1038 libri
950 1002 998 1037 II.
1028 1002 1231 1038 Sermones
1251 1002 1300 1039 ad
1317 1013 1435 1038 unum

94 1072 229 1098 omnes
264 1064 354 1110 post
388 1062 504 1110 primi
539 1065 753 1111 conscrIptc'
788 1064 898 1112 sunt,
942 1062 1143 1099 videamus
1179 1063 1272 1111 quid
1307 1063 1436 1110 colligi

91 1123 227 1171 possit.
281 1124 381 1160 Nam
408 1135 640 1172 quamquam
665 1125 782 1175 illud,
811 1124 915 1172 quod
932 1124 1175 1172 probandum
1191 1124 1305 1161 nobis
1333 1135 1435 1160 sum-

91 1185 260 1234 psimus,
306 1184 461 1221 diverso
517 1188 692 1234 tempore
729 1189 768 1222 et
812 1186 1021 1233 separatim
1055 1188 1259 1233 utrumque
1293 1185 1435 1221 librum

90 1248 325 1295 evulgatum
368 1258 477 1296 esse,
522 1247 680 1283 minime
725 1249 910 1295 sequatur
944 1247 1186 1283 necessario:
1229 1247 1360 1282 tamen
1395 1247 1435 1284 et

90 1308 173 1344 fieri
208 1307 384 1356 potuisse
422 1308 651 1354 intelligitur
685 1311 725 1345 et
758 1310 902 1345 factum
937 1308 1137 1356 probabile
1178 1319 1276 1344 esse.
1337 1308 1434 1344 Esto

91 1369 208 1405 enim.
261 1369 398 1406 Fuerit
425 1371 588 1417 uterque
615 1370 716 1406 liber
740 1380 817 1405 uno
845 1369 1060 1417 eodemque
1089 1371 1263 1417 tempore
1291 1369 1432 1405 editus.

91 1430 210 1466 Eccui
236 1440 316 1466 non
341 1431 480 1466 mirum
506 1431 706 1480 videatur,
734 1431 938 1468 Horatium
966 1432 1062 1468 adeo
1091 1432 1312 1468 constanter
1339 1432 1434 1466 tem-

91 1491 196 1538 poris
232 1491 408 1526 ordinem
445 1503 643 1541 servasse,
687 1494 730 1527 ut
769 1493 912 1528 nullam
956 1493 1070 1539 plane
1107 1492 1287 1529 habuerit
1321 1501 1434 1537 argu-

90 1551 214 1588 menti
251 1553 291 1586 et
319 1551 611 1598 compositionis
646 1553 857 1602 rationem,
894 1554 961 1600 qui
995 1554 1036 1589 in
1071 1553 1195 1590 tribus
1223 1552 1435 1588 carminum

89 1613 199 1650 libris
227 1612 462 1658 conjunctim
489 1613 695 1660 publicatis
732 1614 970 1659 singulorum
1004 1614 1152 1649 natales
1187 1614 1243 1649 ita
1269 1624 1347 1649 non
1372 1625 1433 1650 re-

91 1674 242 1723 spexit,
271 1676 314 1709 ut
341 1674 628 1710 diversissimae
656 1675 796 1710 aetatis
825 1675 994 1711 carmina
1015 1674 1132 1720 juxta
1158 1672 1433 1711 collocaverit'ss

92 1737 170 1773 Cur
195 1735 354 1771 tandem
381 1735 479 1772 adeo
506 1735 767 1784 praevaluerit
793 1737 979 1784 temporis
1011 1736 1111 1772 ratio
1138 1736 1179 1771 in
1206 1736 1433 1772 Sermonum

91 1797 226 1833 ordine
262 1797 556 1846 constituendo,
593 1800 635 1833 ut
661 1798 724 1833 vel
751 1798 964 1834 Octaviano
995 1797 1144 1842 justam
1180 1796 1434 1842 denegaverit

91 1859 378 1895 observantiam
413 1870 460 1894 ea
495 1860 644 1906 aetate,
682 1869 758 1905 qua
794 1858 898 1894 haud
935 1858 1051 1894 dubie
1079 1857 1155 1905 ipsi
1182 1853 1304 1892 favit'ss
1357 1858 1434 1894 Cur

91 1919 248 1956 tandem
275 1918 682 1954 maledicentissimam
718 1919 807 1955 libri
833 1919 862 1954 I.
918 1919 1075 1954 satiram
1111 1917 1320 1954 secundam
1355 1920 1432 1954 sta-

89 1981 161 2017 tim
195 1981 236 2016 in
269 1981 394 2016 fronte
430 1980 559 2028 operis
600 1979 731 2027 posuit
767 1981 806 2015 et
847 1980 1098 2027 pertinaciter
1133 1978 1181 2014 de
1217 1979 1432 2015 Octaviano

90 2041 232 2091 tacuit,
268 2041 378 2087 cujus
414 2041 475 2076 vel
504 2041 672 2077 secunda
699 2051 814 2076 manu
842 2041 1090 2076 honorificam
1117 2040 1243 2087 potuit
1268 2041 1431 2077 mentio-

90 2114 180 2140 nem
214 2099 369 2139 faeere?
424 2102 568 2145 Quidni
606 2101 772 2138 Satiram
797 2101 826 2138 Ι.
855 2112 1018 2151 nonam,
1056 2112 1165 2148 cujus
1201 2102 1431 2150 compositio

90 2249 159 2271 eum
183 2240 341 2271 Paldamo
367 2248 584 2272 communem
608 2247 686 2272 rem
710 2239 891 2280 intelligere
915 2240 1092 2282 neyotz'um
1113 2237 1312 2280 publicum,
1337 2238 1432 2269 facile

89 2287 196 2316 tamen
229 2288 280 2316 est
312 2285 494 2325 explicatu,
528 2285 604 2326 quid
636 2285 764 2316 dixerit.
812 2285 935 2325 Quippe
960 2294 1030 2315 eum
1053 2285 1275 2315 Maecenatem
1298 2284 1432 2315 haberet

89 2329 277 2361 familiarem
300 2332 332 2360 et
355 2330 531 2368 fautorem,
555 2331 683 2361 scribae
708 2339 745 2361 eo
763 2331 938 2360 utebantur
954 2330 1174 2360 intercessore
1197 2338 1237 2359 ac
1252 2331 1430 2368 sequestro,

91 2383 224 2415 eumque
254 2374 406 2413 adibant,
440 2376 495 2406 ubi
521 2385 573 2405 res
605 2375 715 2415 gravis
738 2375 907 2415 agebatur.
930 2392 974 2396 —
1019 2374 1091 2405 Nec
1113 2374 1220 2405 scriba
1250 2373 1328 2412 fuit,
1361 2382 1429 2403 cum

91 2419 219 2460 scripsit
242 2420 336 2460 epist.
361 2418 393 2457 1,
416 2418 470 2451 14.
495 2419 564 2450 17.:

289 2464 343 2495 Me
367 2467 517 2495 constare
540 2463 615 2495 mihi
640 2463 704 2494 scis
729 2465 762 2494 et
785 2462 955 2494 discedere
978 2463 1122 2501 tristem,

289 2509 551 2549 Quandocunque
573 2508 704 2539 trahunt
728 2508 834 2539 invisa
857 2509 988 2549 negotia
1012 2509 1156 2539 Romam.

92 2551 264 2584 Caeterum
286 2563 319 2584 v.
344 2563 426 2594 quae
450 2554 647 2594 interpretes
663 2553 725 2584 hac
742 2553 782 2583 de
798 2562 834 2583 re
856 2553 1058 2593 protulerunt
1081 2552 1166 2594 apud
1190 2551 1295 2583 Richt.
1320 2550 1428 2590 (Suet.

90 2597 168 2635 vit.)
191 2607 222 2638 p.
247 2597 402 2631 10—13.
427 2602 460 2630 et
483 2599 624 2630 Masson.
649 2598 707 2630 vit.
732 2608 762 2638 p.
786 2598 829 2630 74
853 2608 901 2638 sq.

1137 2651 1160 2685 3
