1643 2959
716 198 994 239 -98-

198 307 333 346 ἔπειτα
368 304 411 346 δὲ
445 309 509 344 καῑ
536 304 587 343 δι’
614 303 819 358 ἑαυτῶν.)
873 306 1045 343 Tandem
1072 307 1234 342 Octavia
1260 307 1524 344 intercedente

197 370 375 407 effectum
401 371 482 416 est,
510 369 553 402 ut
579 366 831 413 imperatores
850 367 1061 403 Tarentum
1077 367 1178 402 inter
1200 370 1240 403 et
1256 367 1522 417 Metapontum

197 430 391 476 congressi
426 429 466 465 in
500 427 662 474 gratiam
695 427 879 464 redirent.
942 429 1085 465 Caesar
1119 427 1216 463 duas
1249 427 1420 474 legiones
1445 429 1523 466 Ita-

195 492 289 528 licas
315 489 486 527 Antonio
514 488 563 524 ad
590 488 733 525 bellum
758 489 1000 539 Parthicum,
1035 488 1228 525 Antonius
1257 489 1413 525 Caesari
1450 490 1523 526 100

195 563 314 588 naves
341 552 526 586 rostratas
562 549 692 587 tradit.
745 550 898 588 Deinde
933 551 1077 587 abeunt
1110 552 1317 598 prorogato
1351 549 1525 586 triumvi-

195 615 281 649 ratu
319 611 360 647 in
399 611 724 660 quinquennium,
765 611 958 648 Antonius
996 611 1039 648 in
1077 611 1250 660 Syriam,
1292 611 1435 649 Caesar
1475 611 1526 647 ad

196 673 339 709 bellum
366 673 536 710 Siculum
561 670 682 725 (Plut.
709 672 734 709 1.
762 673 786 709 1.
813 673 915 721 App.
944 673 989 722 5,
1016 672 1077 709 95.
1104 673 1182 710 Dio
1208 671 1268 709 48.
1287 668 1386 724 fin..)
1438 672 1526 709 Jam

195 744 427 782 quamquam
453 734 661 782 scriptores
688 733 926 770 Maecenatis
955 735 994 770 et
1021 734 1174 780 Cocceji
1201 745 1248 771 eo
1275 736 1449 781 tempore
1477 732 1527 768 ad

195 796 407 834 Antonium
433 795 639 832 missorum
671 804 751 830 non
784 795 1022 831 mentionem
1046 796 1241 844 fecerunt,
1275 793 1444 831 dubitari
1470 796 1527 829 ta-

194 868 284 894 men
308 857 445 904 nequit
471 857 565 904 quin
590 855 792 902 utriusque
827 856 992 905 legatio,
1027 867 1141 903 quam
1167 856 1352 892 Horatius
1387 854 1526 903 pinxit,

194 919 236 955 in
271 918 368 955 illud
401 918 529 965 ipsum
562 920 716 964 tempus
751 916 942 953 inciderit.
1005 917 1222 953 Concinunt
1261 917 1365 952 enim
1399 915 1529 952 omnia

194 979 350 1016 indicia.
403 979 574 1016 Primum
601 987 687 1013 eum
714 977 851 1012 summi
877 977 1130 1024 imperatores
1163 978 1266 1013 inter
1299 988 1341 1013 se
1367 977 1424 1013 ita
1450 976 1528 1012 ‹lis-

196 1039 390 1088 sederint,
417 1041 462 1074 ut
489 1040 631 1076 Caesar
656 1037 818 1074 Antonii
844 1037 1156 1085 congressionem
1179 1037 1383 1086 devitaret,
1411 1047 1528 1084 appa-

194 1102 256 1137 ret
287 1110 368 1136 non
402 1100 522 1136 semel
557 1098 626 1134 sed
661 1098 816 1145 saepius
849 1098 1108 1144 legationibus
1143 1098 1192 1134 ab
1227 1100 1391 1146 utraque
1417 1099 1529 1145 parte

195 1172 294 1209 opus
321 1162 454 1197 fuisse.
508 1160 613 1203 Quin
647 1158 905 1195 dissolvendis
941 1159 1293 1207 componendisque
1325 1158 1529 1195 simultati-

195 1222 268 1259 bus
304 1233 371 1258 eos
405 1221 569 1258 fidorum
603 1219 814 1256 amicorum
856 1219 1077 1256 interventu
1116 1231 1208 1256 usos
1247 1231 1334 1256 esse
1384 1219 1529 1256 diserte

196 1283 355 1320 tradunt
381 1282 567 1319 historici.
621 1281 703 1317 Nec
738 1281 820 1316 veri
854 1281 1028 1328 profecto
1056 1283 1115 1317 est
1141 1280 1341 1329 absimile,
1375 1280 1529 1316 Maece·

197 1347 328 1381 uatem
354 1344 600 1392 potissimum
627 1344 666 1378 et
693 1340 896 1386 Coccejum
922 1337 1074 1391 (κοινὸν
1100 1341 1265 1392 ἀμφοῖν.
1294 1340 1461 1388 Appian.
1489 1339 1528 1376 b.

199 1418 230 1442 c.
250 1405 296 1455 5,
323 1401 430 1457 64.),
458 1415 623 1452 quorum
648 1412 767 1450 opera
785 1413 819 1437 a.
840 1402 925 1438 714.
953 1403 1088 1439 foedus
1108 1402 1385 1439 Brundisinum
1410 1401 1529 1438 ictum

196 1468 304 1516 erat,
332 1466 450 1502 etiam
477 1477 510 1502 a.
540 1465 624 1500 717.
653 1464 755 1499 inter
790 1464 994 1510 utrumque
1029 1463 1319 1513 intercessisse,
1354 1472 1529 1511 praeser-

198 1529 270 1564 tim
296 1539 382 1564 cum
408 1527 552 1564 fuerint
580 1535 765 1575 „aversos
791 1525 897 1562 soliti
931 1535 1159 1572 componere
1187 1524 1378 1573 amicos?
1404 1526 1448 1559 ut
1474 1524 1531 1560 ait

197 1589 332 1625 Horat.
360 1600 396 1625 v.
425 1589 486 1624 29.
512 1608 564 1615 —
613 1585 764 1623 Deinde
793 1595 912 1620 verno
938 1587 1134 1634 tempore,
1166 1595 1241 1632 quo
1267 1585 1461 1622 Antonius
1488 1584 1529 1620 in

199 1649 349 1686 Italiam
375 1649 503 1696 venit,
531 1650 597 1683 aut
624 1646 782 1682 aestatis
809 1645 920 1682 initio
948 1646 1017 1682 has
1036 1646 1250 1692 legationes
1276 1646 1414 1683 missas
1442 1656 1528 1681 esse

199 1711 364 1758 oportet.
417 1709 594 1756 Denique
622 1717 723 1743 anno
757 1708 906 1743 tantum
941 1707 1048 1757 717„
1085 1718 1160 1755 quo
1194 1707 1307 1744 ltalia
1341 1706 1528 1744 militibus

200 1771 381 1818 omnique
407 1770 546 1806 bellico
573 1770 760 1816 apparatu
787 1779 908 1804 vacua
935 1771 1038 1817 erat,
1074 1769 1201 1816 potuit
1234 1769 1309 1805 iter
1335 1768 1391 1805 ita
1414 1778 1528 1817 paea-

200 1836 283 1868 tum
316 1831 713 1879 imperturbatumque
749 1840 857 1878 esse,
894 1829 1005 1876 quale
1040 1830 1294 1866 Horatianum
1320 1829 1405 1866 fuit.
1456 1829 1528 1866 His

200 1893 378 1930 omnibus
404 1902 646 1940 nequaquam
673 1890 822 1939 obstat,
858 1890 960 1938 quod
994 1901 1071 1938 pax
1101 1901 1181 1927 non
1205 1890 1424 1940 Brundisii,
1452 1900 1528 1939 quo

200 1953 403 1991 Horatiani
428 1954 546 1999 legati
572 1951 797 2000 tenderent,
826 1951 895 1987 sed
921 1952 1079 1988 Tarenti
1105 1952 1218 2000 coiit,
1254 1954 1295 1988 et
1319 1951 1423 2000 quod
1446 1953 1527 1988 An-

200 2015 330 2052 tonius
365 2014 562 2051 Brundisii
595 2023 673 2049 non
708 2015 963 2049 conunoratus
997 2016 1067 2049 est.
1130 2014 1243 2050 Certe
1278 2013 1527 2050 Brundisium

202 2078 338 2112 vectus
379 2077 462 2110 erat
501 2077 540 2110 et
576 2074 782 2110 mansisset
820 2074 875 2110 ibi
881 2101 896 2119 ,
945 2074 987 2110 ni
1033 2074 1182 2112 incolae
1225 2073 1525 2123 prohibuissent.

198 2136 315 2174 Haud
341 2135 458 2172 dubie
484 2135 700 2171 Maecenati
716 2155 766 2162 —
792 2145 907 2182 quem
931 2135 1040 2171 brevi
1065 2137 1155 2172 ante
1180 2135 1223 2171 in
1249 2134 1411 2172 Graecia
1438 2144 1527 2170 con-

201 2200 362 2234 venerat
387 2218 437 2225 —-
470 2195 716 2233 Brundisium
751 2207 791 2232 se
818 2198 1092 2243 perventurum
1119 2207 1204 2232 esse
1232 2196 1524 2242 significaverat.

202 2259 283 2296 Nec
311 2259 474 2307 Caesar,
502 2258 536 2294 si
562 2257 792 2305 praestituta
817 2256 880 2293 die
905 2257 1052 2303 legatos
1079 2257 1206 2306 misit,
1235 2257 1333 2294 seire
1358 2259 1526 2306 poterat,

203 2318 415 2356 Antonium
440 2330 463 2354 a
480 2318 723 2355 Brundisinis
749 2329 828 2355 non
852 2320 1051 2366 receptum
1068 2318 1277 2356 Tarentum
1293 2317 1524 2366 perrexisse.

201 2380 386 2429 Reliqua,
421 2390 519 2426 quae
555 2380 785 2426 Wesseling.
820 2379 994 2416 Massoni
1020 2380 1162 2418 rationi
1187 2379 1389 2428 opposuit,
1423 2378 1525 2415 bene

203 2440 385 2478 refutavit
409 2440 607 2477 Kirchner.
637 2443 783 2488 quaest.
811 2452 848 2488 p.
877 2441 935 2478 59.
965 2439 1001 2491 §.
1020 2438 1146 2477 14.‘et
1173 2440 1232 2477 15.
1287 2440 1382 2477 Cum
1407 2439 1526 2486 igitur

204 2503 278 2538 iter
312 2501 588 2538 Brundisinum
622 2513 712 2537 vere
748 2501 838 2537 anni
865 2512 901 2537 u.
930 2512 961 2537 c.
991 2502 1075 2538 717.
1110 2502 1252 2540 factum
1278 2501 1349 2551 sit,
1384 2501 1523 2549 proba-

203 2561 280 2598 bile
307 2563 348 2598 fit
373 2562 413 2599 id
440 2562 488 2600 ab
514 2564 681 2602 Horatio
707 2563 947 2609 descriptum
973 2573 1058 2601 esse
1084 2562 1194 2602 bret-i
1223 2567 1314 2610 post
1337 2563 1522 2608 reditum,
