1643 2959
642 206 930 248 ——129-

119 318 276 355 vianum
318 316 536 354 desciverat
559 336 611 345 ·—
644 317 686 354 id
721 317 825 366 quod
858 327 1101 365 nequaquam
1135 319 1218 354 tum
1250 317 1394 366 probro
1421 319 1457 356 ei

119 378 204 416 dari
229 381 406 429 poterat,
433 389 507 416 1166
532 390 604 416 nos
632 379 883 429 miraremur,
918 379 996 415 nisi
1030 379 1246 427 posteriore
1281 381 1457 428 tempore

116 452 271 478 rursum
297 441 437 477 fuisset
461 441 643 488 perfidus.
695 441 919 478 Verendum
943 441 1105 488 insuper
1122 442 1206 477 erat
1225 443 1380 491 poetae,
1406 452 1458 478 ne

115 503 218 539 facta
244 502 427 551 perfidiae
454 502 652 539 mentione
679 502 794 538 nimis
830 502 1004 539 laederet
1031 502 1289 539 Octavianum
1314 503 1457 540 Menae

115 564 436 601 amantissimum.
488 563 670 612 Denique
698 564 803 612 quod
828 564 884 601 nil
903 564 950 600 de
969 564 1174 600 servilibus
1192 563 1343 614 poenis,
1372 564 1457 612 qui-

113 625 187 662 bus
222 626 360 662 Menas
403 625 564 663 affectus
599 625 717 662 fuerit
751 620 816 678 (v.
853 621 942 678 3.),
979 627 1218 674 compertum
1251 626 1456 676 habemus,

114 687 156 724 id
181 699 321 724 vereor
345 698 395 724 ne
423 687 595 725 omnium
621 687 779 724 minime
807 687 945 724 Scholl.
982 687 1098 723 fidem
1133 688 1269 724 elevet.
1322 688 1458 725 Potest

114 750 219 785 certe
250 749 415 786 affectus
452 759 550 784 esse.
615 748 804 786 Credulus
847 749 967 795 igitur
1000 748 1200 785 veteribus
1235 749 1455 798 interprett.

113 810 268 846 accedo.
321 809 575 846 Probaverim
610 809 727 845 etiam
754 810 951 846 Torrentii
979 811 1234 860 sententiam,
1271 810 1338 857 qui
1371 811 1457 847 Me-

110 881 185 907 nae
219 869 425 907 historiam
457 871 678 917 respectam
714 880 800 905 esse
838 870 1004 916 conjecit
1039 871 1081 906 in
1116 870 1178 907 od.
1207 871 1253 920 3,
1284 871 1344 908 16.
1374 871 1456 908 15.:

112 931 307 982 „Munera
331 931 491 968 navium
517 931 662 967 Saevos
690 931 903 979 illaqueant
930 931 1087 968 duces.”

211 993 442 1030 tronus
468 992 526 1029 V.
566 992 653 1042 „Ac
673 1003 696 1030 ο
711 994 908 1030 deorum„
923 993 1083 1030 chorum
1101 992 1208 1030 ducit
1226 1004 1360 1031 eorum
1374 1006 1457 1032 car—

109 1055 278 1105 minum,
315 1056 357 1092 in
391 1055 532 1103 quibus
566 1055 740 1092 Canidia
767 1054 849 1091 sive
879 1054 1072 1092 Gratidia
1096 1055 1357 1104 Neapolitana
1384 1057 1457 1094 dif-

109 1118 254 1154 famata
281 1118 353 1153 est.
409 1118 464 1154 Cf.
494 1116 639 1152 Buttm.
667 1116 831 1163 Mythol.
867 1116 942 1152 vol.
970 1116 1000 1152 I.
1029 1127 1068 1164 p.
1096 1117 1207 1166 332,
1235 1117 1386 1154 Weich.
1414 1128 1454 1165 p.

108 1178 176 1215 rel.
214 1189 252 1226 p.
290 1177 400 1228 415.‚
435 1177 550 1214 Jahn.
588 1177 681 1214 edit.
717 1189 755 1226 p.
792 1178 878 1214 246.
908 1179 947 1214 et
973 1177 1130 1214 Kirchn.
1161 1181 1309 1226 quaest.
1338 1190 1377 1226 p.
1405 1179 1455 1215 25

109 1250 165 1287 sq.
194 1237 231 1289 ξ.
250 1239 309 1276 47.
327 1250 383 1287 sq.
399 1260 450 1266 -
484 1240 585 1276 Ν3111
600 1240 639 1274 et
665 1239 878 1276 antecessit
905 1239 1074 1287 epodum
1102 1240 1184 1288 17.,
1211 1240 1253 1276 in
1271 1250 1347 1287 quo
1365 1250 1456 1288 pro·

106 1300 177 1338 bra
202 1301 356 1337 mulieri
390 1300 457 1336 isti
491 1300 644 1346 objecta
670 1301 934 1349 respiciuntur
962 1295 1031 1350 (ef.
1073 1311 1134 1348 ep.
1163 1300 1201 1350 5,
1230 1300 1264 1337 5.
1295 1301 1363 1350 17,
1391 1301 1453 1338 50.

107 1363 209 1412 —5‚
238 1361 297 1399 38.
317 1362 380 1412 17,
399 1361 459 1398 80.
487 1381 539 1390 —-
566 1361 610 1412 5,
639 1362 699 1398 46.
731 1363 799 1412 17,
828 1357 933 1414 78.)‚
963 1364 1003 1398 et
1030 1373 1122 1399 vero
1151 1362 1268 1398 etiam
1297 1362 1456 1399 satiram

106 1423 196 1461 libri
211 1423 242 1462 Ι.
270 1426 461 1472 octavam,
490 1423 683 1471 siquidem
709 1423 751 1460 in
779 1423 893 1471 epod.
924 1423 982 1459 17.
1012 1434 1113 1461 vers.
1141 1423 1352 1461 56—59.:

310 1485 490 1535 „Inultus
518 1486 564 1520 ut
590 1485 632 1520 tu
658 1484 793 1520 riseris
823 1485 996 1531 Cotyttia

307 1547 495 1595 Vulgata,
525 1557 677 1582 sacrum
702 1545 817 1582 liberi
846 1542 1079 1593 Cupidinis?

306 1608 359 1645 Et
385 1607 579 1654 Esquilini
607 1607 786 1655 pontifex
811 1607 974 1643 venefici

307 1668 471 1717 Impune
499 1670 543 1704 ut
569 1668 707 1705 urbem
733 1668 890 1704 nomine
918 1667 1094 1716 impleris
1121 1679 1208 1704 meo
1218 1665 1263 1705 ‘3³‘

106 1741 187 1767 non
221 1730 338 1767 aliam
372 1730 422 1766 ob
458 1741 636 1766 caussam
666 1732 799 1777 primo
828 1729 996 1777 epodum
1025 1729 1084 1779 5.‚
1112 1733 1199 1767 tum
1228 1730 1388 1766 satiram
1414 1729 1450 1767 8.

105 1794 326 1840 respectam
353 1803 439 1828 esse
467 1791 679 1828 verisimile
709 1793 789 1840 est,
825 1791 902 1826 nisi
931 1790 1036 1838 quod
1062 1793 1268 1838 utrumque
1296 1801 1453 1827 carmen

106 1853 181 1890 hoc
207 1853 343 1890 ordine
372 1853 559 1901 scriptum
586 1854 682 1889 erat.
735 1852 899 1889 Accedit
918 1851 1022 1899 quod
1039 1854 1309 1897 argumentum
1336 1851 1453 1900 epodi

106 1914 141 1951 5.
169 1914 212 1951 in
237 1914 358 1951 multo
385 1915 517 1963 priora
533 1916 710 1961 tempora
736 1912 862 1962 cadit,
892 1923 1007 1960 quam
1035 1912 1177 1948 satirae
1205 1911 1240 1948 8.
1258 1934 1309 1940 —
1351 1913 1453 1951 Nam

105 1986 192 2026 res,
222 1975 269 2012 de
299 1986 375 2023 qua
401 1975 443 2011 in
470 1974 596 2023 epodo
624 1974 773 2023 agitur,
808 1984 888 2009 non
915 1973 1060 2010 Romae
1090 1973 1160 2009 sed
1185 1974 1352 2022 Neapoli
1379 1969 1449 2027 (cs.

107 2037 232 2074 Schol.
261 2036 450 2085 Porphyr.
480 2036 529 2072 ad
555 2048 592 2072 v.
621 2036 703 2071 43.:
741 2034 934 2084 „Videtur
969 2035 1184 2081 significare
1221 2035 1346 2071 scelus
1377 2035 1452 2072 hoc

104 2099 271 2147 Neapoli
297 2100 462 2148 sactum,
489 2108 580 2134 nam
607 2099 650 2133 ut
678 2108 795 2144 supra
822 2096 990 2132 diximus
1022 2095 1200 2132 Gratidia
1227 2096 1323 2132 haec
1348 2095 1451 2133 Nea-

105 2160 280 2208 politana
306 2157 454 2212 suit.⁷'),
481 2170 561 2196 non
586 2158 749 2196 Horatio
778 2157 847 2194 sed
873 2158 975 2195 Varo
992 2157 1126 2194 neseio
1155 2157 1216 2193 cui
1245 2153 1312 2208 (v,
1340 2154 1448 2208 73.),

104 2232 184 2259 11011
229 2232 277 2258 60
311 2223 509 2271 tempore,
565 2231 641 2269 quo
691 2219 879 2267 scriptum
930 2228 1107 2267 carmen,
1162 2217 1231 2254 sed
1282 2218 1449 2268 pridem,

105 2294 193 2320 cum
238 2283 405 2331 Neapoli
446 2282 626 2319 Gratidia
662 2281 834 2330 viveret,
888 2282 998 2327 gesta
1046 2281 1117 2315 est.
1184 2279 1313 2322 Quare
1358 2290 1449 2316 con-

105 2344 213 2381 venit
263 2345 360 2381 mihi
411 2355 499 2381 cum
538 2343 696 2380 Kirchn.
752 2343 901 2390 quaest.
955 2352 993 2389 p.
1039 2340 1100 2376 26.
1146 2337 1182 2391 §.
1229 2340 1290 2377 49.
1359 2342 1448 2378 Jam

107 2417 194 2443 cum
232 2407 353 2443 satira
391 2405 426 2442 8.
467 2416 501 2442 3.
535 2405 621 2441 718.
663 2405 748 2441 orta
788 2403 860 2452 sit,
899 2402 1101 2450 probabile
1140 2402 1183 2438 fit
1217 2401 1320 2439 hunc
1355 2411 1447 2449 epo-

108 2465 200 2504 dum
225 2470 292 2505 aut
317 2467 455 2505 eodem
481 2469 548 2504 aut
575 2464 830 2503 antecedente
858 2473 959 2500 anno
978 2464 1180 2500 exaratum
1206 2474 1304 2500 esse.
1357 2462 1446 2499 Non

108 2529 239 2565 autem
263 2540 378 2578 posse
414 2529 461 2566 de
497 2529 627 2577 priore
661 2528 837 2575 tempore
872 2525 1035 2571 cogitari
1068 2524 1159 2561 inde
1186 2523 1282 2560 mihi
1306 2522 1444 2573 liquet,

108 2588 234 2642 quod,
261 2600 492 2640 quamquam
525 2591 643 2639 poeta
667 2599 740 2637 per
764 2587 896 2636 plures
930 2597 1052 2623 annos
1081 2584 1283 2680 Caneidiam
1310 2585 1443 2620 contu-
