1659 2948
717 827 871 906 Cap.
912 827 1035 887 III.

362 957 411 992 De
434 961 580 1002 tempore
604 967 666 1001 quo
690 958 816 1002 epodon
839 958 922 991 liber
944 957 1086 1000 scriptus
1109 959 1144 990 et
1167 956 1274 990 editus
1296 956 1405 989 fuerit.

208 1129 298 1186 Ad
315 1141 546 1191 jambicam
572 1143 713 1193 poesin
737 1143 924 1181 Horatius
951 1141 1101 1191 pariter
1134 1143 1250 1191 atque
1277 1140 1328 1179 ad
1355 1140 1551 1179 satiricam

209 1207 294 1242 tum
317 1205 455 1243 nativa
480 1205 612 1243 indole
639 1207 679 1242 et
706 1205 893 1253 singulari
928 1204 1234 1243 conformatione
1266 1205 1350 1241 tum
1384 1203 1550 1241 adversa

209 1269 366 1305 fortuna
392 1278 471 1316 qua
497 1267 793 1305 conflictabatur
818 1267 1001 1316 vitaeque
1035 1265 1196 1304 miseria
1228 1266 1376 1303 tractus
1411 1266 1452 1302 et
1483 1276 1551 1302 ve-

208 1328 283 1366 luti
318 1329 473 1366 stimulo
507 1329 716 1376 instigatus
752 1330 823 1366 est.
875 1329 1014 1378 Neque
1047 1327 1091 1365 id
1123 1327 1276 1364 mirum.
1328 1326 1430 1365 Nam
1463 1337 1552 1364 cum

209 1390 371 1439 propria
391 1390 586 1437 jambicae
612 1390 746 1439 poesis
773 1389 925 1428 indoles
950 1391 995 1428 in
1021 1389 1290 1427 maledicendo
1325 1389 1402 1426 sita
1435 1388 1487 1425 sit
1513 1390 1554 1425 et

210 1453 252 1488 in
279 1462 413 1489 amara
439 1452 680 1498 singulorum
704 1452 873 1489 maxime
898 1452 1100 1490 hominum
1120 1451 1366 1499 sugillatione
1386 1447 1439 1502 ι),
1467 1461 1553 1487 eam

208 1512 274 1549 vel
297 1523 370 1560 per
396 1524 438 1549 se
466 1515 769 1550 consentaneum
796 1515 857 1550 est
881 1513 931 1550 iis
957 1513 1204 1562 potissimum
1229 1511 1458 1562 convenire,
1486 1512 1553 1560 qui

209 1575 279 1611 aut
303 1575 444 1610 natura
470 1574 521 1610 ad
548 1574 722 1611 dicacem
749 1576 788 1610 et
813 1585 1007 1612 morosam
1042 1574 1328 1611 cavillationem
1360 1572 1553 1621 proclives

210 1636 302 1673 sunt
328 1637 396 1672 aut
422 1635 532 1672 fatali
557 1635 663 1672 vitae
691 1634 910 1672 calamitate
945 1635 1114 1684 indeque
1142 1637 1259 1672 enata
1284 1634 1404 1672 animi
1429 1634 1554 1682 aegri-

208 1697 346 1734 tudine
374 1696 425 1733 ad
451 1697 693 1734 amarulenta
717 1697 873 1744 linguae
902 1697 1077 1735 convicia
1096 1698 1390 1746 exasperantur.
1430 1696 1554 1745 quue

211 1760 319 1796 certo
346 1760 588 1807 compertum
614 1758 804 1796 habemus
838 1758 887 1796 de
913 1764 1149 1810 „repertore
1170 1760 1375 1808 puqnace's
1391 1756 1560 1805 jambz·“

211 1816 278 1874 (ut
304 1820 415 1857 audit
441 1820 546 1869 apud
574 1820 687 1857 Ovid.
715 1820 758 1857 in
782 1819 881 1856 lbid.
900 1832 936 1857 v.
957 1818 1081 1873 523.)‚
1108 1820 1361 1872 Archilocho,
1389 1820 1457 1868 qui
1482 1830 1554 1868 per

211 1883 335 1919 totam
360 1881 482 1918 vitam
509 1881 608 1919 adeo
635 1893 795 1930 pressus
821 1882 896 1918 fuit
922 1882 1058 1930 iniqua
1084 1883 1188 1919 sorte
1206 1879 1269 1934 ²),
1295 1884 1340 1918 ut
1365 1881 1458 1918 inde
1484 1893 1553 1930 po-

212 1943 407 1980 tissimum
439 1953 567 1990 neque
601 1953 696 1979 vero
730 1953 782 1979 ex
813 1942 948 1980 nativa
982 1944 1103 1980 animi
1135 1942 1395 1981 amaritudine
1430 1944 1555 1981 solum

213 2003 297 2051 ojus
325 2000 446 2050 δάκος
472 2000 608 2042 ἀδινὸν
632 2003 874 2055 κακαγοριᾶν
891 2000 931 2057 ³)
958 2006 1086 2044 ortum
1111 2004 1304 2043 videatur.
1356 2004 1466 2044 Idem
1492 2017 1553 2043 ca-

310 2201 351 2243 1)
373 2189 489 2233 Horat.
513 2201 564 2233 od.
588 2201 627 2239 1,
651 2201 705 2234 16.
729 2203 761 2235 2.
785 2202 966 2244 (criminosi
985 2202 1116 2243 jambi).
1163 2201 1272 2236 Quint.
1294 2201 1371 2234 inst.
1394 2211 1441 2234 or.
1465 2202 1499 2246 9,
1523 2201 1555 2234 4.

211 2247 245 2288 ἓ.
267 2245 347 2279 141.
395 2246 537 2288 (Aspera
560 2257 639 2278 vero
664 2250 697 2279 et
719 2248 894 2287 maledica,
919 2250 955 2279 ut
977 2248 1063 2286 dixi,
1088 2246 1185 2279 etiam
1207 2247 1240 2278 in
1265 2248 1416 2287 carmine,
1435 2248 1556 2288 Jambis

212 2298 433 2339 grassantur).
486 2297 621 2328 Aristot.
656 2301 743 2340 poet.
780 2309 850 2340 cap.
885 2297 916 2330 4.
951 2289 1030 2329 Διὸ
1065 2292 1131 2328 καὶ
1164 2289 1348 2341 ἰαμβεῖον
1380 2291 1557 2329 καλεῖται

211 2341 301 2388 νῦν,
337 2339 400 2379 ὅτι
433 2337 473 2378 ἒν
507 2339 567 2390 τῷ
598 2343 731 2392 μέτρῳ
765 2342 894 2392 τούτῳ
921 2338 1107 2392 ἰἀμβιζον
1134 2340 1363 2395 ἀλλήλους).
1409 2348 1555 2380 Diomed.

213 2393 272 2424 ΙΙΙ.
294 2403 326 2434 p.
350 2392 427 2426 482.
446 2392 580 2424 Putsch.
600 2394 789 2433 (jambicum
807 2396 858 2425 est
874 2404 1002 2426 carmen
1018 2393 1208 2426 maledicum
1230 2413 1276 2418 -
1298 2394 1492 2436 appellatum
1505 2396 1556 2425 est

215 2435 327 2490 παρὰ
356 2435 402 2474 τὸ
430 2434 630 2486 ἰαμβίζειν
654 2442 739 2484 quod
770 2445 820 2474 est
842 2443 1052 2482 maledicere,
1085 2445 1176 2485 cujus
1208 2444 1359 2477 carminis
1390 2443 1554 2486 praecipui

217 2489 394 2530 scriptores
417 2488 505 2530 apud
528 2488 674 2520 Graecos
697 2487 906 2520 Archilochus
931 2491 964 2520 et
985 2488 1198 2531 Hipponax.).
1543 2492 1545 2503 ³

305 2544 343 2585 2)
367 2544 417 2576 Cf.
442 2544 559 2576 Archil.
584 2545 641 2576 rel.
666 2544 717 2576 ed.
741 2544 867 2577 Liebel.
892 2555 927 2587 p.
949 2544 1003 2579 13.
1028 2544 1061 2586 §.
1086 2547 1117 2577 5.

308 2600 344 2639 3)
367 2600 499 2633 Pindar.
524 2601 621 2642 Pyth.
648 2602 686 2639 2,
711 2602 764 2633 53.
