1643 2959
726 191 1013 233 „134-

208 298 345 335 eodem
371 310 459 336 eum
485 299 668 346 temporis
702 302 828 336 tractu
863 299 1049 347 scriptum
1083 309 1170 335 esse
1196 299 1419 351 probabile,
1454 312 1531 350 quo

206 359 390 396 Horatius
417 359 541 397 onmis
569 359 721 405 generis
749 360 943 397 amoribus
972 371 1013 396 se
1047 359 1274 407 implicitum
1304 361 1531 409 significavit

206 420 420 469 aliquoties.
449 421 496 457 cf.
525 419 637 468 epod.
669 420 726 457 11.
757 421 816 458 14.
845 423 917 458 sat.
945 421 982 470 2,
1011 421 1045 457 3.

303 541 532 578 tronus
564 541 691 578 XVI.
735 543 906 593 „Altera
939 542 1035 591 jam
1075 544 1264 593 century>
1305 543 1373 591 qui
1406 544 1529 582 Schol.

204 602 363 641 Acrone
387 605 543 641 auctore
571 599 644 657 (ad
659 615 695 642 v.
726 604 758 642 1.
781 607 965 656 „aleera‚
991 607 1159 653 quando
1184 604 1385 643 Antonius
1411 607 1532 644 dimi-

203 665 311 702 cavit
343 670 484 703 conlra
516 663 814 718 Auyuscum.”)
849 668 939 713 post
972 665 1196 702 Massonum
1231 661 1329 715 (vit.
1364 667 1457 704 Hor.
1491 675 1530 716 p.

205 721 313 778 138.)
347 737 370 762 a
404 727 600 775 plerisque
636 726 685 763 ad
719 727 863 765 bellum
896 727 1098 764 Actiacum
1124 727 1215 764 anni
1241 727 1327 766 723.
1354 729 1531 778 refertur,

201 786 264 824 vel
289 798 312 824 a
338 787 573 838 Mitscherl.,
603 789 748 826 Grotef.
777 799 814 836 p.
834 788 918 825 465.
939 788 975 826 b.
995 784 1127 843 (722.)
1154 791 1194 826 et
1218 789 1402 826 Passovio
1429 785 1529 841 (not.

204 844 342 899 183.),
377 849 582 886 manifesto
617 851 724 886 ortus
759 852 819 886 est
855 861 964 888 anno
997 861 1038 887 u.
1073 861 1104 888 c.
1133 850 1237 888 713.
1272 850 1343 886 sub
1377 850 1532 886 initium

202 908 293 948 belli
317 910 526 960 Perusini,
556 922 642 948 cum
667 911 907 947 miserrimus
935 913 973 947 et
1000 921 1090 947 vere
1117 910 1376 959 deplorandus
1402 922 1532 948 rerum

202 971 326 1006 status
364 972 445 1007 tum
480 971 624 1007 Romae
660 973 742 1007 tum
776 973 859 1007 tota
892 971 1004 1007 Italia
1039 974 1156 1007 esset.
1211 973 1267 1009 Cf.
1295 973 1464 1020 Appian.
1491 973 1529 1009 b.

200 1030 273 1066 civ.
301 1031 346 1080 5,
377 1031 559 1069 18-49.
595 1032 673 1069 Dio
709 1033 815 1069 Cass.
852 1031 921 1081 48,
956 1031 1123 1069 9—15.
1184 1032 1310 1075 Quam
1343 1033 1532 1080 rationem

199 1093 289 1139 post
321 1092 540 1128 Nitschium
581 1095 619 1128 et
660 1093 995 1139 Vanderburgium
1036 1093 1211 1140 pluribus
1252 1094 1455 1130 exornavit
1492 1098 1533 1131 et

200 1153 453 1201 comprobare
487 1153 636 1190 studuit
670 1154 872 1191 Kirchner.
909 1156 951 1190 in
985 1156 1134 1202 quaest.
1161 1165 1200 1203 p.
1228 1153 1274 1191 21
1305 1165 1361 1202 sq.
1389 1153 1426 1205 §.
1455 1155 1531 1205 41„

198 1216 305 1251 recte
340 1214 549 1262 plaudente
578 1214 748 1252 Obbario
784 1216 825 1252 in
852 1216 1016 1253 Seebod.
1043 1215 1159 1253 Jahn.
1187 1218 1227 1251 et
1252 1216 1374 1253 Klotz.
1403 1217 1528 1253 annal.

199 1274 275 1312 vol.
316 1275 374 1312 16.
410 1287 449 1323 p.
489 1277 548 1313 49.
602 1276 702 1313 Sane
737 1277 906 1323 vulgaris
940 1277 1007 1314 illa
1040 1276 1140 1313 ratio
1178 1276 1424 1324 ineptissima
1458 1280 1529 1315 est.

199 1335 295 1380 Quis
322 1337 479 1373 tandem
506 1337 582 1374 sibi
607 1338 861 1387 persuadeat,
897 1338 1102 1389 Horatium
1136 1349 1170 1374 a.
1207 1337 1292 1374 722.
1328 1340 1394 1375 aut
1429 1338 1529 1388 723„

198 1407 275 1446 quo
300 1397 437 1434 intima
462 1398 701 1435 Maecenatis
727 1399 989 1436 familiaritate
1016 1400 1229 1449 frueretur,
1264 1409 1341 1447 quo
1376 1400 1530 1436 Octavi-

198 1469 273 1495 ano
294 1458 377 1505 jam
403 1459 573 1509 faveret,
602 1470 678 1508 quo
707 1461 834 1497 villam
856 1460 938 1506 jam
965 1459 1204 1511 possideret,
1233 1471 1310 1509 quo
1336 1460 1439 1497 vitae
1466 1472 1529 1498 ur-

198 1519 324 1556 banae
351 1520 502 1558 deliciis
528 1521 615 1568 plus
637 1521 745 1567 justo
761 1533 886 1570 paene
909 1522 1148 1558 assuefactus
1167 1524 1284 1571 esset,
1311 1532 1390 1558 non
1406 1522 1529 1559 solum

198 1580 246 1616 de
280 1581 430 1628 patriae
466 1582 588 1618 salute
623 1583 737 1630 plane
773 1583 1022 1631 desperasse,
1067 1581 1137 1618 sed
1171 1582 1290 1620 etiam
1325 1583 1528 1620 consilium

197 1641 446 1689 proposuisse
486 1642 618 1679 sedem
656 1643 766 1690 regni
800 1643 877 1680 alio
908 1642 1166 1680 transferendi
1205 1645 1246 1679 et
1282 1654 1423 1681 novam
1460 1655 1528 1692 pa·

198 1702 311 1739 triam
336 1700 576 1751 quaerendi'ss
629 1704 725 1748 Quis
753 1713 841 1741 eum
867 1703 998 1741 credat
1024 1704 1090 1741 illo
1124 1706 1298 1752 tempore
1326 1705 1527 1754 scripsisse

198 1775 232 1800 v.
261 1764 309 1800 63
337 1775 416 1813 sq.=

398 1826 608 1875 „Juppiter
634 1826 699 1863 illa
725 1827 814 1875 piae
842 1827 1008 1864 secrevit
1034 1827 1148 1864 litora
1174 1828 1301 1878 genti,

460 1888 512 1924 Ut
537 1888 755 1935 inquinavit
782 1899 870 1925 aere
898 1891 1052 1936 tempus
1079 1899 1258 1926 aureum:

396 1949 529 1986 Aerea
554 1950 697 1987 dehinc
718 1947 830 1995 ferro
857 1952 1021 1987 durat-sic
1046 1951 1219 2000 saecula,
1247 1961 1408 1999 quorum

460 2010 540 2047 Piis
567 2010 737 2048 secunda
763 2012 851 2047 vate
878 2022 939 2047 me
967 2011 1080 2048 datur
1106 2009 1263 2058 fugaffi‘!

197 2070 333 2116 Cogita
358 2070 495 2120 modo,
523 2081 639 2118 quam
666 2072 821 2109 diversa
847 2072 899 2109 sit
924 2072 1044 2109 animi
1070 2073 1224 2110 affectio
1249 2075 1409 2121 poetae,
1446 2082 1522 2119 qua

196 2130 351 2179 scripsit
384 2143 473 2170 ann.
510 2132 594 2169 723.
631 2132 743 2181 epod.
781 2132 814 2171 l.
851 2135 900 2172 ab
937 2145 1006 2182 ea,
1041 2133 1167 2180 qualis
1202 2143 1252 2169 ex
1290 2132 1362 2170 hoc
1397 2132 1521 2181 epodo

195 2190 330 2229 elucet.
378 2194 642 2244 „Ite·benter‹’>,
668 2193 796 2243 inquit
822 2193 934 2242 epod.
964 2194 1008 2243 l,
1036 2194 1120 2230 23..-

387 2254 606 2304 „Libenter
630 2256 705 2293 Ιιοσ
730 2260 769 2293 ec
792 2266 910 2293 omne
935 2255 1171 2292 militabitur

460 2317 617 2354 Bellum
641 2318 685 2354 in
709 2321 806 2354 tuae
831 2327 944 2363 spem
967 2318 1154 2364 ‘tyranne-'v’
1181 2319 1278 2353 caet.

196 2375 299 2422 Lege
319 2375 432 2412 modo
451 2376 527 2413 Sat.
548 2378 592 2427 2,
612 2378 647 2414 3.
668 2380 708 2414 et
733 2377 780 2427 2,
798 2377 854 2413 6.!
882 2380 964 2413 tum
982 2377 1097 2414 credo
1124 2387 1331 2426 persuasus
1359 2377 1448 2413 eris.
1469 2398 1519 2405 —

296 2437 498 2473 Caeterum
524 2437 598 2473 huc
625 2439 819 2486 pertinere
848 2438 1034 2488 arbitror,
1063 2449 1161 2486 quae
1187 2438 1227 2474 in
1245 2437 1382 2474 Scholl.
1400 2439 1518 2475 Acro-

195 2497 257 2533 nis
292 2497 471 2543 leguntur
504 2497 554 2534 ad
588 2498 648 2534 od.
688 2498 731 2548 1,
768 2498 826 2535 14.
866 2500 920 2535 l.:
948 2499 1211 2548 „Secundum
1244 2501 1373 2535 autem
1406 2499 1518 2536 civile

192 2556 337 2597 bellum
373 2558 474 2596 inter
506 2559 723 2607 Augustum
759 2560 964 2597 Caesarem
999 2561 1039 2596 et
1075 2559 1250 2597 Cassium
1285 2563 1324 2597 et
1357 2560 1517 2598 Brutum
