1643 2959
717 189 772 195 .-
812 166 895 208 236
935 190 989 195 -

207 273 384 326 tationis,
417 288 531 328 quam
559 274 616 314 illi
644 280 795 314 tantum
825 281 1081 316 contemnunt
1109 282 1293 328 quantum
1322 291 1394 319 nos
1425 279 1511 319 exi-

206 345 298 387 liter
318 353 358 387 et
377 347 462 387 sine
482 344 641 399 ingenio
661 346 841 399 quaesita
860 346 1158 388 contemnimus.
1181 354 1308 398 recte,
1337 349 1509 404 inquam,

205 418 317 472 agis,
363 416 465 470 quod
495 430 563 457 eos
594 417 739 458 leniter
768 417 997 472 castigando
1026 425 1157 460 tentas
1188 419 1236 459 ad
1264 432 1402 460 verum
1430 429 1512 463 tra-

208 490 375 531 ducere:
417 489 519 542 quod
548 489 584 530 si
614 503 687 544 ego
717 489 845 545 palam
876 491 1049 531 dicerem
1077 498 1117 531 te
1147 491 1241 531 mihi
1269 491 1399 532 videri
1428 506 1511 534 rem

206 568 315 602 recte
337 567 378 601 et
391 574 510 615 saepe
532 561 693 616 egregie
713 562 1029 614 administrasse,
1056 577 1188 604 nonne
1209 563 1266 604 illi
1287 570 1326 604 te
1354 570 1516 619 propter

206 646 414 674 assensum
451 647 581 674 meum
619 641 845 690 contemptu
885 641 925 676 et
953 635 1143 676 conviciis
1174 635 1332 689 dignum
1368 634 1516 678 iudica-

205 706 321 746 rent?
348 705 480 759 itaque
512 719 601 760 ego,
632 713 676 747 ut
703 707 840 758 vides,
880 720 954 748 nec
982 706 1234 762 bibliopolae,
1266 721 1316 748 ne
1345 707 1448 748 forte
1478 707 1515 748 ei

204 777 386 818 lucellum
415 785 568 833 pereat,
600 779 697 820 satis
727 780 859 820 facere
887 793 1072 834 possum,
1105 787 1145 821 et
1172 787 1215 821 tu
1244 793 1339 822 cura
1367 785 1411 820 ut
1438 779 1517 820 dis-

205 849 366 891 simules
396 864 458 891 me
488 850 696 905 plerasque
727 865 863 892 omnes
883 852 1061 892 rationes
1082 859 1169 892 tuas
1190 851 1306 892 valde
1326 851 1512 906 probare,

206 928 246 962 et
275 935 322 961 eo
353 922 508 975 quidem
537 922 812 963 vehementius
843 937 918 974 quo
949 923 1061 975 plura
1089 923 1156 962 vel
1184 930 1335 963 temere
1365 923 1515 964 credita

203 993 270 1033 vel
298 993 412 1034 vanis
443 992 748 1034 dubitationibus
777 999 927 1033 vexata
956 992 1050 1032 mihi
1074 992 1122 1032 ad
1142 1005 1281 1033 verum
1299 1006 1516 1034 revocasse

204 1064 314 1105 visus
344 1063 483 1105 fueris.

312 1134 451 1178 Nihilo
481 1135 626 1187 minus,
657 1149 707 1176 ne
737 1136 831 1177 mihi
859 1136 1000 1177 librum
1029 1136 1179 1177 frustra
1208 1136 1380 1189 dederis,
1411 1151 1514 1179 neve

204 1222 278 1263 ego
309 1222 397 1250 eum
426 1209 576 1250 frustra
604 1208 851 1263 percurrisse
880 1209 1019 1249 videar
1058 1208 1257 1264 (percurri
1285 1209 1405 1261 enim,
1435 1224 1515 1251 non

203 1281 402 1336 perlegi),
446 1281 616 1322 scribam
646 1281 695 1322 ad
725 1289 764 1322 te
796 1282 986 1336 quaedam
1015 1295 1095 1322 non
1131 1294 1228 1322 sane
1263 1281 1397 1336 magni
1432 1296 1516 1322 mo-

202 1353 350 1405 menti,
382 1354 454 1395 sed
484 1353 646 1408 quibus,
688 1354 800 1408 siqua
830 1355 933 1395 forte
962 1367 1105 1395 recens
1134 1353 1298 1395 inventa
1325 1353 1516 1395 volumini

202 1426 348 1468 addere
376 1426 494 1478 velis,
524 1426 631 1467 inter
659 1433 727 1467 tua
754 1434 868 1467 utare
897 1441 967 1481 pro
997 1426 1090 1467 tuis.

310 1514 375 1557 De
405 1515 530 1570 epodo
561 1515 734 1556 secundo
763 1515 964 1557 videbaris
993 1515 1086 1557 mihi
1119 1514 1176 1570 [p.
1209 1516 1277 1556 27.
1311 1514 1411 1569 124]
1442 1529 1514 1557 ne-

203 1588 286 1630 scio
326 1602 403 1642 qua
441 1588 528 1628 sive
567 1588 732 1629 iuvenili
783 1587 1030 1629 coniectandi
1077 1587 1380 1641 intemperantia
1427 1588 1514 1630 sive

202 1673 414 1715 pravarum
444 1659 766 1701 observationum
796 1660 1031 1714 contagione
1052 1659 1166 1700 nimis
1188 1659 1385 1700 subtiliter
1403 1659 1514 1714 igno-

202 1731 344 1773 rabilia
390 1731 554 1772 rimatus
604 1745 721 1783 esse,
771 1740 815 1773 ut
862 1740 1062 1787 postremo
1111 1746 1190 1773 non
1230 1731 1385 1786 quidem
1424 1731 1516 1785 quid

203 1802 379 1859 Iuppiter
407 1802 549 1844 Iunoni
578 1804 618 1844 in
649 1817 783 1845 aurem
800 1835 810 1855 ,
858 1805 928 1845 sed
958 1811 1089 1846 tamen
1130 1804 1221 1859 quid
1249 1803 1356 1845 inter
1383 1817 1428 1845 se
1457 1803 1514 1845 illi

204 1878 428 1917 ‘consortes
460 1876 603 1927 studii,
645 1877 709 1931 pia
740 1876 880 1929 turba,
920 1876 1075 1932 poetae'
1116 1877 1316 1931 egissent,
1356 1875 1427 1916 tihi
1455 1875 1516 1917 vi-

202 1949 355 1989 dereris
375 1949 625 2003 intellegere.
651 1956 760 1990 certe
792 1963 865 2004 ego
888 1949 1068 1990 hebetior
1087 1948 1399 2004 Virgilianorum
1428 1961 1516 1989 car-

201 2022 346 2062 minum
375 2021 416 2061 in
445 2021 512 2061 illo
544 2021 668 2076 epodo
698 2022 844 2063 nullam
864 2021 1036 2062 litteram
1057 2035 1246 2076 agnosco.
1278 2020 1397 2061 immo
1419 2018 1514 2060 mihi

201 2106 326 2147 nuper
356 2090 554 2148 Gruppius
583 2094 623 2134 in
653 2094 752 2135 libro
783 2107 898 2148 quem
929 2094 975 2134 de
1007 2094 1135 2148 elegia
1153 2093 1335 2134 Romana
1355 2089 1513 2144 scripsit

205 2163 262 2218 [p.
295 2164 393 2218 392]
443 2165 592 2206 Tibulli
621 2166 809 2219 quosdam
839 2180 981 2207 versus
1021 2180 1107 2207 cum
1145 2163 1313 2205 Horatio
1356 2174 1512 2215 compo-

202 2236 333 2278 suisse
363 2237 429 2278 vel
458 2237 587 2292 aptius
617 2238 665 2278 ad
695 2238 1009 2292 persuadendum
1038 2236 1220 2286 videtur3
1264 2247 1351 2274 cum
1380 2239 1512 2273 tamen

203 2315 354 2349 certum
384 2309 436 2349 sit
465 2309 674 2351 Horatium
713 2310 754 2350 in
794 2308 929 2363 epodis
970 2307 1019 2348 ad
1056 2305 1204 2347 Tibulli
1246 2304 1421 2346 carmina
1447 2316 1511 2344 re-

203 2380 358 2435 spicere
387 2394 466 2421 non
493 2382 694 2435 potuisse,
734 2381 811 2422 nisi
840 2380 880 2421 in
909 2379 1067 2421 Tibullo
1096 2392 1232 2429 meas,
1271 2377 1312 2417 in
1342 2375 1512 2416 Horatio

202 2459 292 2493 tuas
320 2459 538 2508 temporum
566 2454 742 2495 rationes
771 2452 1036 2508 repudiemus.
1080 2465 1153 2505 ego
1183 2450 1256 2491 hoc
1295 2461 1413 2489 unum
1451 2446 1514 2488 vi-

205 2524 303 2576 deo,
334 2523 503 2567 Horatio
533 2524 702 2566 iambum
731 2524 961 2566 Archilochi
991 2531 1082 2564 ante
1113 2522 1247 2564 oculos
1278 2520 1429 2571 fuisse,
1461 2519 1511 2559 ad
