1643 2959
690 195 979 239 „19⁸7-

261 305 505 342 cARMEN
529 305 703 344 XXIX·
747 308 991 358 „Tyrrhena
1006 307 1175 356 rmum„
1198 328 1249 335 -
1275 305 1378 354 quod
1395 306 1498 343 Mas-

162 378 256 404 sono
291 367 388 405 duce
416 365 502 419 (vit.
530 369 624 406 Hor.
652 381 689 417 p.
717 367 827 422 273.)
862 370 977 416 vulgo
1012 369 1184 405 referunt
1223 367 1273 404 ad
1307 369 1499 404 aestatem

160 440 193 466 a.
222 429 308 466 733.
345 432 412 471 aut
446 441 480 467 a.
508 430 593 467 734.
637 427 714 482 (ita
749 431 895 468 Grotef.
934 442 972 479 p.
1001 430 1086 467 472.
1103 425 1165 482 b.)
1191 449 1242 457 --
1267 439 1367 465 anno
1406 429 1491 465 729.

158 491 290 528 medio
321 492 507 540 scriptum
533 503 619 529 esse
648 503 765 540 supra
792 492 887 542 dixi,
916 503 1003 529 cum
1030 491 1077 528 de
1104 491 1166 527 od.
1195 491 1232 540 3,
1260 491 1295 527 8.
1324 490 1497 538 disputa-

158 553 260 589 bam.
292 554 387 590 Cum
407 553 565 592 Scribus
590 553 654 590 vel
678 553 809 602 potius
836 553 944 590 Indis
972 563 1073 590 anno
1099 552 1184 589 729.
1213 552 1398 589 Romanis
1416 563 1498 588 rem

158 614 278 650 fuisse
305 617 470 663 apparet
505 627 555 651 ex
581 614 643 652 od.
674 616 710 665 1,
740 615 798 652 12.
828 615 888 652 56.
925 615 1027 652 Tum
1054 619 1259 664 „reynata
1281 615 1381 663 Cyro
1407 613 1498 650 Ba-

157 677 272 714 ctra„
305 677 417 714 facile
452 677 562 713 vides
589 676 784 724 pertinere
820 675 870 713 ad
906 676 1057 713 civilem
1090 675 1320 712 Parthorum
1354 674 1498 712 discor-

158 737 278 787 diam,
297 738 407 785 cujus
421 738 632 786 participes
654 739 765 773 erant
780 737 977 774 discordes
992 737 1192 774 Tanaitae.
1209 732 1278 787 (cf.
1298 749 1336 785 p.
1355 737 1438 773 161.
1459 738 1498 773 et

160 794 265 849 165.)
277 799 460 835 Fortasse
476 799 523 835 de
538 809 668 835 rerum
683 798 941 835 Orientalium
957 800 1058 834 statu
1057 827 1074 848 ,
1093 798 1140 834 de
1155 798 1397 847 Parthorum,
1407 799 1497 845 Scy-

157 859 313 896 tharum
329 859 590 907 Indorumque
609 858 714 895 ausis
732 859 838 895 haud
856 859 981 906 optati
997 869 1172 895 rumores
1190 859 1494 896 increbruerant.

180 909 187 916 “
257 920 452 958 Confectis
479 920 604 957 tribus
641 920 853 957 carminum
878 919 1012 969 libris,
1053 930 1217 967 quorum
1255 919 1431 955 ordinem
1458 922 1497 956 et

154 983 333 1030 tempora
358 981 620 1031 praetervecti
648 992 802 1032 sumus,
836 981 1022 1020 Horatius
1052 982 1218 1017 exeunte
1245 993 1279 1017 a.
1307 981 1392 1018 730.
1429 982 1496 1017 aut

154 1044 267 1081 initio
312 1044 510 1092 sequentis
555 1042 773 1091 composuit
820 1043 994 1081 Carmen
1021 1043 1116 1080 libri
1140 1045 1181 1080 3.
1210 1044 1283 1079 30.
1331 1044 1496 1092 „Eme-qi

154 1107 490 1144 monumentam⁷⁷
516 1107 555 1142 et
586 1106 760 1143 Carmen
786 1105 878 1142 libri
906 1106 946 1143 1.
977 1105 1015 1142 1.
1036 1106 1291 1154 „Maecenas
1318 1106 1494 1153 alavis⁷⁷,

154 1168 249 1205 illud
275 1170 318 1205 ut
344 1168 497 1218 epilogo
524 1167 598 1206 hoc
623 1169 668 1205 ut
693 1167 853 1217 prologo
880 1166 1096 1204 inserviret.
