<?xml version="1.0" encoding="UTF-8"?>
<!DOCTYPE html PUBLIC "-//W3C//DTD XHTML 1.0 Transitional//EN"
    "http://www.w3.org/TR/xhtml1/DTD/xhtml1-transitional.dtd">
<html xmlns="http://www.w3.org/1999/xhtml" xml:lang="en" lang="en">
 <head>
  <title>
</title>
<meta http-equiv="Content-Type" content="text/html;charset=utf-8" />
  <meta name='ocr-system' content='tesseract 3.04.00' />
  <meta name='ocr-capabilities' content='ocr_page ocr_carea ocr_par ocr_line ocrx_word'/>
</head>
<body>
  <div class='ocr_page' id='page_1' title='image "./fastihoratianiac00franuoft_0017.png"; bbox 0 0 1659 2948; ppageno 0'>
   <div class='ocr_carea' id='block_1_1' title="bbox 707 184 979 225">
    <p class='ocr_par' dir='ltr' id='par_1_1' title="bbox 707 184 979 225">
     <span class='ocr_line' id='line_1_1' title="bbox 707 184 979 225; baseline 0 -12"><span class='ocrx_word' id='word_1_1' title='bbox 707 184 979 225; x_wconf 64' lang='grc'>-9-</span> 
     </span>
    </p>
   </div>
   <div class='ocr_carea' id='block_1_2' title="bbox 175 288 1507 1016">
    <p class='ocr_par' dir='ltr' id='par_1_2' title="bbox 175 288 1507 1016">
     <span class='ocr_line' id='line_1_2' title="bbox 184 288 1507 345; baseline 0.005 -18"><span class='ocrx_word' id='word_1_2' title='bbox 184 301 269 327; x_wconf 85' lang='lat' dir='ltr'>ann.</span> <span class='ocrx_word' id='word_1_3' title='bbox 296 301 332 327; x_wconf 92' lang='lat' dir='ltr'>u.</span> <span class='ocrx_word' id='word_1_4' title='bbox 361 303 392 328; x_wconf 88' lang='lat' dir='ltr'>c.</span> <span class='ocrx_word' id='word_1_5' title='bbox 420 292 505 329; x_wconf 85' lang='grc'><strong>696.</strong></span> <span class='ocrx_word' id='word_1_6' title='bbox 536 288 617 345; x_wconf 81' lang='lat'>¹⁰),</span> <span class='ocrx_word' id='word_1_7' title='bbox 662 292 852 342; x_wconf 84' lang='lat' dir='ltr'><strong>siquidem</strong></span> <span class='ocrx_word' id='word_1_8' title='bbox 886 306 936 332; x_wconf 88' lang='lat' dir='ltr'>ne</span> <span class='ocrx_word' id='word_1_9' title='bbox 970 294 1094 343; x_wconf 82' lang='lat' dir='ltr'>prima</span> <span class='ocrx_word' id='word_1_10' title='bbox 1128 294 1283 344; x_wconf 88' lang='lat' dir='ltr'>quidem</span> <span class='ocrx_word' id='word_1_11' title='bbox 1318 296 1507 335; x_wconf 84' lang='lat' dir='ltr'>elementa</span> 
     </span>
     <span class='ocr_line' id='line_1_3' title="bbox 182 352 1506 402; baseline 0.005 -14"><span class='ocrx_word' id='word_1_12' title='bbox 182 352 378 389; x_wconf 78' lang='lat' dir='ltr'>literarum</span> <span class='ocrx_word' id='word_1_13' title='bbox 411 355 602 391; x_wconf 79' lang='lat' dir='ltr'>Venusiae</span> <span class='ocrx_word' id='word_1_14' title='bbox 636 355 851 402; x_wconf 83' lang='lat' dir='ltr'>perdidicit.</span> <span class='ocrx_word' id='word_1_15' title='bbox 912 356 984 393; x_wconf 90' lang='lat' dir='ltr'>His</span> <span class='ocrx_word' id='word_1_16' title='bbox 1022 356 1139 402; x_wconf 82' lang='lat' dir='ltr'>igitur</span> <span class='ocrx_word' id='word_1_17' title='bbox 1163 356 1307 394; x_wconf 84' lang='lat' dir='ltr'>Romae</span> <span class='ocrx_word' id='word_1_18' title='bbox 1342 358 1383 394; x_wconf 89' lang='lat' dir='ltr'>in</span> <span class='ocrx_word' id='word_1_19' title='bbox 1415 359 1506 395; x_wconf 87' lang='lat' dir='ltr'>ludo</span> 
     </span>
     <span class='ocr_line' id='line_1_4' title="bbox 181 413 1505 468; baseline 0.005 -19"><span class='ocrx_word' id='word_1_20' title='bbox 181 413 310 461; x_wconf 82' lang='lat' dir='ltr'>aliquo</span> <span class='ocrx_word' id='word_1_21' title='bbox 335 414 488 462; x_wconf 84' lang='lat' dir='ltr'>publico</span> <span class='ocrx_word' id='word_1_22' title='bbox 513 416 719 452; x_wconf 85' lang='lat' dir='ltr'>literatoris</span> <span class='ocrx_word' id='word_1_23' title='bbox 744 413 804 468; x_wconf 81' lang='lat'>¹¹)</span> <span class='ocrx_word' id='word_1_24' title='bbox 839 416 1007 454; x_wconf 89' lang='lat' dir='ltr'>imbutus</span> <span class='ocrx_word' id='word_1_25' title='bbox 1034 419 1104 454; x_wconf 87' lang='lat' dir='ltr'>est.</span> <span class='ocrx_word' id='word_1_26' title='bbox 1164 418 1263 455; x_wconf 91' lang='lat' dir='ltr'>Tum</span> <span class='ocrx_word' id='word_1_27' title='bbox 1288 420 1505 465; x_wconf 82' lang='lat' dir='ltr'>grannnati-</span> 
     </span>
     <span class='ocr_line' id='line_1_5' title="bbox 181 475 1504 529; baseline 0.005 -19"><span class='ocrx_word' id='word_1_28' title='bbox 181 485 312 511; x_wconf 88' lang='lat' dir='ltr'>corum</span> <span class='ocrx_word' id='word_1_29' title='bbox 339 475 487 512; x_wconf 83' lang='lat' dir='ltr'>scholas</span> <span class='ocrx_word' id='word_1_30' title='bbox 515 475 610 513; x_wconf 85' lang='lat' dir='ltr'>adiit</span> <span class='ocrx_word' id='word_1_31' title='bbox 644 477 684 512; x_wconf 84' lang='lat' dir='ltr'>et</span> <span class='ocrx_word' id='word_1_32' title='bbox 709 477 826 513; x_wconf 85' lang='lat' dir='ltr'>variis</span> <span class='ocrx_word' id='word_1_33' title='bbox 853 477 1100 515; x_wconf 80' lang='lat' dir='ltr'>humanitatis</span> <span class='ocrx_word' id='word_1_34' title='bbox 1127 478 1339 528; x_wconf 84' lang='lat' dir='ltr'>disciplinis</span> <span class='ocrx_word' id='word_1_35' title='bbox 1374 491 1398 517; x_wconf 87' lang='lat' dir='ltr'>a</span> <span class='ocrx_word' id='word_1_36' title='bbox 1421 481 1504 529; x_wconf 91' lang='lat' dir='ltr'>plu-</span> 
     </span>
     <span class='ocr_line' id='line_1_6' title="bbox 179 533 1504 590; baseline 0.005 -19"><span class='ocrx_word' id='word_1_37' title='bbox 179 535 286 571; x_wconf 82' lang='lat' dir='ltr'>ribus</span> <span class='ocrx_word' id='word_1_38' title='bbox 321 536 637 585; x_wconf 81' lang='lat' dir='ltr'>praeceptoribus</span> <span class='ocrx_word' id='word_1_39' title='bbox 660 533 719 588; x_wconf 84' lang='lat'>¹²)</span> <span class='ocrx_word' id='word_1_40' title='bbox 755 537 953 573; x_wconf 86' lang='lat' dir='ltr'>institutus</span> <span class='ocrx_word' id='word_1_41' title='bbox 989 541 1028 574; x_wconf 86' lang='lat' dir='ltr'>et</span> <span class='ocrx_word' id='word_1_42' title='bbox 1054 539 1226 577; x_wconf 86' lang='lat' dir='ltr'>eruditus</span> <span class='ocrx_word' id='word_1_43' title='bbox 1252 542 1325 590; x_wconf 82' lang='lat' dir='ltr'>est,</span> <span class='ocrx_word' id='word_1_44' title='bbox 1353 541 1504 578; x_wconf 87' lang='lat' dir='ltr'>etiamsi</span> 
     </span>
     <span class='ocr_line' id='line_1_7' title="bbox 180 598 1503 648; baseline 0.006 -17"><span class='ocrx_word' id='word_1_45' title='bbox 180 606 298 633; x_wconf 91' lang='lat' dir='ltr'>unum</span> <span class='ocrx_word' id='word_1_46' title='bbox 323 599 473 634; x_wconf 86' lang='lat' dir='ltr'>tantum</span> <span class='ocrx_word' id='word_1_47' title='bbox 499 598 642 634; x_wconf 85' lang='lat' dir='ltr'>diserte</span> <span class='ocrx_word' id='word_1_48' title='bbox 668 600 854 634; x_wconf 79' lang='lat' dir='ltr'>memoret</span> <span class='ocrx_word' id='word_1_49' title='bbox 880 598 1127 635; x_wconf 89' lang='lat' dir='ltr'>Orbilium</span> <span class='ocrx_word' id='word_1_50' title='bbox 1150 600 1398 648; x_wconf 88' lang='lat' dir='ltr'>Pupillum</span> <span class='ocrx_word' id='word_1_51' title='bbox 1431 602 1503 638; x_wconf 91' lang='lat' dir='ltr'>Be-</span> 
     </span>
     <span class='ocr_line' id='line_1_8' title="bbox 180 658 1505 712; baseline 0.005 -19"><span class='ocrx_word' id='word_1_52' title='bbox 180 660 451 708; x_wconf 81' lang='lat' dir='ltr'>neventanum,</span> <span class='ocrx_word' id='word_1_53' title='bbox 479 660 546 707; x_wconf 86' lang='lat' dir='ltr'>qui</span> <span class='ocrx_word' id='word_1_54' title='bbox 570 659 661 695; x_wconf 88' lang='lat' dir='ltr'>inde</span> <span class='ocrx_word' id='word_1_55' title='bbox 687 659 735 695; x_wconf 93' lang='lat' dir='ltr'>ab</span> <span class='ocrx_word' id='word_1_56' title='bbox 762 669 862 695; x_wconf 88' lang='lat' dir='ltr'>anno</span> <span class='ocrx_word' id='word_1_57' title='bbox 888 670 925 695; x_wconf 93' lang='lat' dir='ltr'>u.</span> <span class='ocrx_word' id='word_1_58' title='bbox 947 670 978 694; x_wconf 85' lang='lat' dir='ltr'>c.</span> <span class='ocrx_word' id='word_1_59' title='bbox 997 658 1082 695; x_wconf 83' lang='lat'>691.</span> <span class='ocrx_word' id='word_1_60' title='bbox 1110 660 1254 705; x_wconf 84' lang='lat' dir='ltr'>majore</span> <span class='ocrx_word' id='word_1_61' title='bbox 1273 662 1373 699; x_wconf 86' lang='lat' dir='ltr'>fama</span> <span class='ocrx_word' id='word_1_62' title='bbox 1391 673 1505 712; x_wconf 88' lang='lat' dir='ltr'>quam</span> 
     </span>
     <span class='ocr_line' id='line_1_9' title="bbox 179 717 1504 771; baseline 0.005 -17"><span class='ocrx_word' id='word_1_63' title='bbox 179 719 434 755; x_wconf 88' lang='lat' dir='ltr'>emolumento</span> <span class='ocrx_word' id='word_1_64' title='bbox 460 720 604 755; x_wconf 90' lang='lat' dir='ltr'>Romae</span> <span class='ocrx_word' id='word_1_65' title='bbox 632 718 762 755; x_wconf 83' lang='lat' dir='ltr'>docuit</span> <span class='ocrx_word' id='word_1_66' title='bbox 783 717 855 771; x_wconf 77' lang='lat'>¹³).</span> <span class='ocrx_word' id='word_1_67' title='bbox 907 719 980 755; x_wconf 91' lang='lat' dir='ltr'>Pro</span> <span class='ocrx_word' id='word_1_68' title='bbox 1000 729 1105 756; x_wconf 85' lang='lat' dir='ltr'>more</span> <span class='ocrx_word' id='word_1_69' title='bbox 1125 720 1377 758; x_wconf 83' lang='lat' dir='ltr'>institutionis</span> <span class='ocrx_word' id='word_1_70' title='bbox 1396 724 1504 760; x_wconf 91' lang='lat' dir='ltr'>scho-</span> 
     </span>
     <span class='ocr_line' id='line_1_10' title="bbox 178 777 1505 833; baseline 0.004 -19"><span class='ocrx_word' id='word_1_71' title='bbox 178 778 350 828; x_wconf 78' lang='lat' dir='ltr'>lasticae,</span> <span class='ocrx_word' id='word_1_72' title='bbox 378 779 502 827; x_wconf 89' lang='lat' dir='ltr'>qualis</span> <span class='ocrx_word' id='word_1_73' title='bbox 529 779 595 816; x_wconf 89' lang='lat' dir='ltr'>diu</span> <span class='ocrx_word' id='word_1_74' title='bbox 621 779 724 827; x_wconf 86' lang='lat' dir='ltr'>apud</span> <span class='ocrx_word' id='word_1_75' title='bbox 749 779 941 816; x_wconf 86' lang='lat' dir='ltr'>Romanos</span> <span class='ocrx_word' id='word_1_76' title='bbox 968 779 1169 817; x_wconf 81' lang='lat' dir='ltr'>obtinebat</span> <span class='ocrx_word' id='word_1_77' title='bbox 1191 777 1265 833; x_wconf 73' lang='lat'>¹⁴),</span> <span class='ocrx_word' id='word_1_78' title='bbox 1292 783 1505 820; x_wconf 86' lang='lat' dir='ltr'>studiorum</span> 
     </span>
     <span class='ocr_line' id='line_1_11' title="bbox 178 836 1504 894; baseline 0.004 -19"><span class='ocrx_word' id='word_1_79' title='bbox 178 850 330 876; x_wconf 89' lang='lat' dir='ltr'>cursum</span> <span class='ocrx_word' id='word_1_80' title='bbox 356 840 404 876; x_wconf 87' lang='lat' dir='ltr'>ab</span> <span class='ocrx_word' id='word_1_81' title='bbox 431 841 598 877; x_wconf 88' lang='lat' dir='ltr'>Homero</span> <span class='ocrx_word' id='word_1_82' title='bbox 622 836 682 894; x_wconf 80' lang='lat'>¹⁵)</span> <span class='ocrx_word' id='word_1_83' title='bbox 709 841 928 889; x_wconf 85' lang='lat' dir='ltr'>auspicatus</span> <span class='ocrx_word' id='word_1_84' title='bbox 957 843 1037 891; x_wconf 83' lang='lat' dir='ltr'>est,</span> <span class='ocrx_word' id='word_1_85' title='bbox 1072 841 1181 888; x_wconf 90' lang='lat' dir='ltr'>cujus</span> <span class='ocrx_word' id='word_1_86' title='bbox 1209 843 1379 879; x_wconf 87' lang='lat' dir='ltr'>carmina</span> <span class='ocrx_word' id='word_1_87' title='bbox 1403 845 1504 891; x_wconf 86' lang='lat' dir='ltr'>pari-</span> 
     </span>
     <span class='ocr_line' id='line_1_12' title="bbox 176 899 1505 956; baseline 0.003 -20"><span class='ocrx_word' id='word_1_88' title='bbox 176 901 237 936; x_wconf 86' lang='lat' dir='ltr'>ter</span> <span class='ocrx_word' id='word_1_89' title='bbox 261 912 306 938; x_wconf 84' lang='lat' dir='ltr'>ac</span> <span class='ocrx_word' id='word_1_90' title='bbox 330 904 530 949; x_wconf 86' lang='lat' dir='ltr'>poetarum</span> <span class='ocrx_word' id='word_1_91' title='bbox 547 902 786 952; x_wconf 82' lang='lat' dir='ltr'>Latinorum,</span> <span class='ocrx_word' id='word_1_92' title='bbox 821 902 924 938; x_wconf 87' lang='lat' dir='ltr'>Livii</span> <span class='ocrx_word' id='word_1_93' title='bbox 949 902 1161 939; x_wconf 90' lang='lat' dir='ltr'>Andronici</span> <span class='ocrx_word' id='word_1_94' title='bbox 1181 899 1242 956; x_wconf 81' lang='lat'>¹⁶)</span> <span class='ocrx_word' id='word_1_95' title='bbox 1269 903 1505 952; x_wconf 85' lang='lat' dir='ltr'>aliorumque</span> 
     </span>
     <span class='ocr_line' id='line_1_13' title="bbox 175 960 1503 1016; baseline 0.005 -19"><span class='ocrx_word' id='word_1_96' title='bbox 175 960 251 1009; x_wconf 85' lang='lat' dir='ltr'>ipsi</span> <span class='ocrx_word' id='word_1_97' title='bbox 278 962 520 1001; x_wconf 84' lang='lat' dir='ltr'>dictabantur</span> <span class='ocrx_word' id='word_1_98' title='bbox 542 960 613 1016; x_wconf 87' lang='lat'><strong>¹⁷).</strong></span> <span class='ocrx_word' id='word_1_99' title='bbox 666 963 831 1014; x_wconf 85' lang='lat' dir='ltr'>Deinde,</span> <span class='ocrx_word' id='word_1_100' title='bbox 858 963 926 1000; x_wconf 93' lang='lat' dir='ltr'>ubi</span> <span class='ocrx_word' id='word_1_101' title='bbox 952 963 1073 1001; x_wconf 87' lang='lat' dir='ltr'>crevit</span> <span class='ocrx_word' id='word_1_102' title='bbox 1090 963 1358 1015; x_wconf 82' lang='lat' dir='ltr'>intelligentia,</span> <span class='ocrx_word' id='word_1_103' title='bbox 1385 966 1503 1003; x_wconf 87' lang='lat' dir='ltr'>histo-</span> 
     </span>
    </p>
   </div>
   <div class='ocr_carea' id='block_1_3' title="bbox 177 1058 443 1068">
    <p class='ocr_par' dir='ltr' id='par_1_3' title="bbox 177 1058 443 1068">
     <span class='ocr_line' id='line_1_14' title="bbox 177 1058 443 1068; baseline 0 1880"><span class='ocrx_word' id='word_1_104' title='bbox 177 1058 443 1068; x_wconf 95' lang='lat' dir='ltr'> </span> 
     </span>
    </p>
   </div>
   <div class='ocr_carea' id='block_1_4' title="bbox 173 1115 1503 1337">
    <p class='ocr_par' dir='ltr' id='par_1_4' title="bbox 173 1115 1503 1337">
     <span class='ocr_line' id='line_1_15' title="bbox 262 1115 1503 1159; baseline 0.002 -12"><span class='ocrx_word' id='word_1_105' title='bbox 262 1115 323 1155; x_wconf 93' lang='grc'>10)</span> <span class='ocrx_word' id='word_1_106' title='bbox 346 1117 396 1148; x_wconf 86' lang='lat' dir='ltr'>Ita</span> <span class='ocrx_word' id='word_1_107' title='bbox 418 1116 590 1149; x_wconf 87' lang='lat' dir='ltr'>Weichert.</span> <span class='ocrx_word' id='word_1_108' title='bbox 621 1116 661 1148; x_wconf 89' lang='lat' dir='ltr'>de</span> <span class='ocrx_word' id='word_1_109' title='bbox 684 1115 761 1149; x_wconf 87' lang='lat' dir='ltr'>Var.</span> <span class='ocrx_word' id='word_1_110' title='bbox 792 1119 825 1149; x_wconf 92' lang='lat' dir='ltr'>et</span> <span class='ocrx_word' id='word_1_111' title='bbox 848 1117 940 1149; x_wconf 86' lang='lat' dir='ltr'>Cass.</span> <span class='ocrx_word' id='word_1_112' title='bbox 971 1127 1003 1159; x_wconf 92' lang='lat' dir='ltr'>p.</span> <span class='ocrx_word' id='word_1_113' title='bbox 1028 1118 1082 1150; x_wconf 77' lang='lat'>38.</span> <span class='ocrx_word' id='word_1_114' title='bbox 1114 1118 1246 1155; x_wconf 84' lang='lat' dir='ltr'>statuit,</span> <span class='ocrx_word' id='word_1_115' title='bbox 1270 1118 1367 1149; x_wconf 85' lang='lat' dir='ltr'>multo</span> <span class='ocrx_word' id='word_1_116' title='bbox 1391 1118 1503 1158; x_wconf 86' lang='lat' dir='ltr'>opinor</span> 
     </span>
     <span class='ocr_line' id='line_1_16' title="bbox 173 1159 1503 1203; baseline 0.002 -13"><span class='ocrx_word' id='word_1_117' title='bbox 173 1159 387 1200; x_wconf 83' lang='lat' dir='ltr'>probabilius,</span> <span class='ocrx_word' id='word_1_118' title='bbox 427 1171 520 1202; x_wconf 87' lang='lat' dir='ltr'>quam</span> <span class='ocrx_word' id='word_1_119' title='bbox 551 1162 634 1203; x_wconf 89' lang='lat' dir='ltr'>quod</span> <span class='ocrx_word' id='word_1_120' title='bbox 657 1163 800 1194; x_wconf 81' lang='lat' dir='ltr'>Masson.</span> <span class='ocrx_word' id='word_1_121' title='bbox 824 1163 883 1193; x_wconf 78' lang='lat' dir='ltr'>vit.</span> <span class='ocrx_word' id='word_1_122' title='bbox 907 1163 984 1194; x_wconf 89' lang='lat' dir='ltr'>Hor.</span> <span class='ocrx_word' id='word_1_123' title='bbox 1009 1174 1040 1203; x_wconf 87' lang='lat' dir='ltr'>p.</span> <span class='ocrx_word' id='word_1_124' title='bbox 1065 1162 1118 1194; x_wconf 91' lang='grc'>19.</span> <span class='ocrx_word' id='word_1_125' title='bbox 1144 1163 1298 1203; x_wconf 86' lang='lat' dir='ltr'>conjecit,</span> <span class='ocrx_word' id='word_1_126' title='bbox 1335 1163 1503 1193; x_wconf 86' lang='lat' dir='ltr'>Horatium</span> 
     </span>
     <span class='ocr_line' id='line_1_17' title="bbox 173 1206 1501 1248; baseline 0.002 -14"><span class='ocrx_word' id='word_1_127' title='bbox 173 1213 256 1235; x_wconf 83' lang='lat' dir='ltr'>anno</span> <span class='ocrx_word' id='word_1_128' title='bbox 280 1206 398 1236; x_wconf 83' lang='lat' dir='ltr'>aetatis</span> <span class='ocrx_word' id='word_1_129' title='bbox 422 1206 543 1238; x_wconf 86' lang='lat' dir='ltr'>decimo</span> <span class='ocrx_word' id='word_1_130' title='bbox 567 1207 669 1238; x_wconf 88' lang='lat' dir='ltr'>Lares</span> <span class='ocrx_word' id='word_1_131' title='bbox 693 1217 768 1238; x_wconf 86' lang='lat' dir='ltr'>suos</span> <span class='ocrx_word' id='word_1_132' title='bbox 791 1207 959 1248; x_wconf 83' lang='lat' dir='ltr'>reliquisse</span> <span class='ocrx_word' id='word_1_133' title='bbox 982 1208 1004 1237; x_wconf 90' lang='lat' dir='ltr'>i.</span> <span class='ocrx_word' id='word_1_134' title='bbox 1029 1217 1057 1238; x_wconf 92' lang='lat' dir='ltr'>e.</span> <span class='ocrx_word' id='word_1_135' title='bbox 1082 1217 1112 1238; x_wconf 90' lang='lat' dir='ltr'>a.</span> <span class='ocrx_word' id='word_1_136' title='bbox 1137 1217 1167 1238; x_wconf 90' lang='lat' dir='ltr'>u.</span> <span class='ocrx_word' id='word_1_137' title='bbox 1192 1217 1219 1237; x_wconf 89' lang='lat' dir='ltr'>c.</span> <span class='ocrx_word' id='word_1_138' title='bbox 1245 1206 1320 1238; x_wconf 85' lang='lat'>699.</span> <span class='ocrx_word' id='word_1_139' title='bbox 1351 1207 1402 1238; x_wconf 74' lang='lat' dir='ltr'>vel</span> <span class='ocrx_word' id='word_1_140' title='bbox 1426 1206 1501 1237; x_wconf 89' lang='grc'><strong>700.</strong></span> 
     </span>
     <span class='ocr_line' id='line_1_18' title="bbox 173 1249 1502 1305; baseline 0.001 -24"><span class='ocrx_word' id='word_1_141' title='bbox 173 1249 368 1290; x_wconf 86' lang='lat' dir='ltr'>Quamquam</span> <span class='ocrx_word' id='word_1_142' title='bbox 392 1253 557 1291; x_wconf 86' lang='lat' dir='ltr'>quominus</span> <span class='ocrx_word' id='word_1_143' title='bbox 588 1254 664 1282; x_wconf 89' lang='lat' dir='ltr'>ante</span> <span class='ocrx_word' id='word_1_144' title='bbox 687 1252 855 1292; x_wconf 87' lang='lat' dir='ltr'>septimum</span> <span class='ocrx_word' id='word_1_145' title='bbox 886 1252 954 1283; x_wconf 81' lang='lat' dir='ltr'>fere</span> <span class='ocrx_word' id='word_1_146' title='bbox 983 1261 1101 1305; x_wconf 79' lang='grc' dir='ltr'>3111111111ι</span> <span class='ocrx_word' id='word_1_147' title='bbox 1131 1252 1164 1282; x_wconf 90' lang='lat' dir='ltr'>id</span> <span class='ocrx_word' id='word_1_148' title='bbox 1187 1252 1306 1282; x_wconf 79' lang='lat' dir='ltr'>factum</span> <span class='ocrx_word' id='word_1_149' title='bbox 1336 1250 1502 1282; x_wconf 83' lang='lat' dir='ltr'>credamus</span> 
     </span>
     <span class='ocr_line' id='line_1_19' title="bbox 173 1293 890 1337; baseline 0.006 -14"><span class='ocrx_word' id='word_1_150' title='bbox 173 1293 321 1333; x_wconf 84' lang='lat' dir='ltr'>prohibet</span> <span class='ocrx_word' id='word_1_151' title='bbox 344 1295 396 1326; x_wconf 92' lang='lat' dir='ltr'>od.</span> <span class='ocrx_word' id='word_1_152' title='bbox 420 1297 450 1334; x_wconf 89' lang='grc'>3,</span> <span class='ocrx_word' id='word_1_153' title='bbox 475 1296 507 1327; x_wconf 98' lang='lat'>4.</span> <span class='ocrx_word' id='word_1_154' title='bbox 533 1296 564 1328; x_wconf 89' lang='grc'>9.</span> <span class='ocrx_word' id='word_1_155' title='bbox 588 1297 665 1336; x_wconf 87' lang='lat' dir='ltr'>(Me</span> <span class='ocrx_word' id='word_1_156' title='bbox 687 1296 890 1337; x_wconf 84' lang='lat' dir='ltr'>fabulosae.)</span> 
     </span>
    </p>
   </div>
   <div class='ocr_carea' id='block_1_5' title="bbox 260 1360 1082 1404">
    <p class='ocr_par' dir='ltr' id='par_1_5' title="bbox 260 1360 1082 1404">
     <span class='ocr_line' id='line_1_20' title="bbox 260 1360 1082 1404; baseline 0.001 -11"><span class='ocrx_word' id='word_1_157' title='bbox 260 1360 321 1402; x_wconf 90' lang='lat'>11)</span> <span class='ocrx_word' id='word_1_158' title='bbox 345 1362 455 1403; x_wconf 87' lang='lat' dir='ltr'>Nepos</span> <span class='ocrx_word' id='word_1_159' title='bbox 479 1363 564 1404; x_wconf 86' lang='lat' dir='ltr'>apud</span> <span class='ocrx_word' id='word_1_160' title='bbox 587 1364 720 1394; x_wconf 86' lang='lat' dir='ltr'>Sucton.</span> <span class='ocrx_word' id='word_1_161' title='bbox 745 1362 785 1394; x_wconf 88' lang='lat' dir='ltr'>de</span> <span class='ocrx_word' id='word_1_162' title='bbox 807 1363 851 1394; x_wconf 91' lang='lat' dir='ltr'>ill.</span> <span class='ocrx_word' id='word_1_163' title='bbox 881 1372 930 1403; x_wconf 84' lang='lat' dir='ltr'>gr.</span> <span class='ocrx_word' id='word_1_164' title='bbox 955 1372 1025 1404; x_wconf 83' lang='lat' dir='ltr'>cap.</span> <span class='ocrx_word' id='word_1_165' title='bbox 1050 1364 1082 1395; x_wconf 93' lang='lat'>4.</span> 
     </span>
    </p>
   </div>
   <div class='ocr_carea' id='block_1_6' title="bbox 172 1426 1502 1644">
    <p class='ocr_par' dir='ltr' id='par_1_6' title="bbox 172 1426 1502 1644">
     <span class='ocr_line' id='line_1_21' title="bbox 261 1426 1435 1471; baseline 0.005 -15"><span class='ocrx_word' id='word_1_166' title='bbox 261 1426 321 1466; x_wconf 96' lang='grc'>12)</span> <span class='ocrx_word' id='word_1_167' title='bbox 345 1428 416 1458; x_wconf 87' lang='lat' dir='ltr'>Sat.</span> <span class='ocrx_word' id='word_1_168' title='bbox 440 1429 471 1466; x_wconf 89' lang='lat'>1,</span> <span class='ocrx_word' id='word_1_169' title='bbox 496 1431 528 1461; x_wconf 87' lang='grc'>6.</span> <span class='ocrx_word' id='word_1_170' title='bbox 552 1429 606 1461; x_wconf 82' lang='grc'>81.</span> <span class='ocrx_word' id='word_1_171' title='bbox 652 1430 727 1470; x_wconf 85' lang='lat' dir='ltr'>Ipse</span> <span class='ocrx_word' id='word_1_172' title='bbox 749 1429 824 1460; x_wconf 82' lang='lat' dir='ltr'>mihi</span> <span class='ocrx_word' id='word_1_173' title='bbox 849 1432 956 1460; x_wconf 88' lang='lat' dir='ltr'>custos</span> <span class='ocrx_word' id='word_1_174' title='bbox 980 1430 1274 1471; x_wconf 82' lang='lat' dir='ltr'>incorruptissimus</span> <span class='ocrx_word' id='word_1_175' title='bbox 1299 1439 1435 1462; x_wconf 90' lang='lat' dir='ltr'>omnes</span> 
     </span>
     <span class='ocr_line' id='line_1_22' title="bbox 652 1474 1138 1505; baseline 0.004 -2"><span class='ocrx_word' id='word_1_176' title='bbox 652 1474 770 1504; x_wconf 86' lang='lat' dir='ltr'>circum</span> <span class='ocrx_word' id='word_1_177' title='bbox 794 1474 991 1505; x_wconf 85' lang='lat' dir='ltr'>doctores</span> <span class='ocrx_word' id='word_1_178' title='bbox 1015 1474 1138 1505; x_wconf 80' lang='lat' dir='ltr'>aderat.</span> 
     </span>
     <span class='ocr_line' id='line_1_23' title="bbox 173 1513 1502 1558; baseline 0.003 -15"><span class='ocrx_word' id='word_1_179' title='bbox 173 1513 223 1544; x_wconf 84' lang='lat' dir='ltr'>Cf.</span> <span class='ocrx_word' id='word_1_180' title='bbox 247 1513 365 1545; x_wconf 90' lang='lat' dir='ltr'>Heind.</span> <span class='ocrx_word' id='word_1_181' title='bbox 389 1514 430 1544; x_wconf 88' lang='lat' dir='ltr'>ad</span> <span class='ocrx_word' id='word_1_182' title='bbox 454 1515 523 1545; x_wconf 78' lang='lat' dir='ltr'>Sat.</span> <span class='ocrx_word' id='word_1_183' title='bbox 547 1515 578 1551; x_wconf 94' lang='lat'>1,</span> <span class='ocrx_word' id='word_1_184' title='bbox 603 1517 634 1547; x_wconf 85' lang='lat'>6.</span> <span class='ocrx_word' id='word_1_185' title='bbox 659 1517 713 1546; x_wconf 89' lang='grc'>77.</span> <span class='ocrx_word' id='word_1_186' title='bbox 760 1517 859 1548; x_wconf 87' lang='lat' dir='ltr'>Mass.</span> <span class='ocrx_word' id='word_1_187' title='bbox 891 1519 950 1548; x_wconf 69' lang='lat' dir='ltr'>vit.</span> <span class='ocrx_word' id='word_1_188' title='bbox 974 1529 1005 1558; x_wconf 89' lang='lat' dir='ltr'>p.</span> <span class='ocrx_word' id='word_1_189' title='bbox 1029 1520 1083 1550; x_wconf 95' lang='lat'>22.</span> <span class='ocrx_word' id='word_1_190' title='bbox 1130 1519 1201 1549; x_wconf 89' lang='lat' dir='ltr'>Nec</span> <span class='ocrx_word' id='word_1_191' title='bbox 1223 1519 1409 1555; x_wconf 79' lang='lat' dir='ltr'>defuerunt,</span> <span class='ocrx_word' id='word_1_192' title='bbox 1448 1518 1502 1557; x_wconf 86' lang='lat' dir='ltr'>qui</span> 
     </span>
     <span class='ocr_line' id='line_1_24' title="bbox 172 1558 1498 1602; baseline 0.003 -14"><span class='ocrx_word' id='word_1_193' title='bbox 172 1559 356 1589; x_wconf 81' lang='lat' dir='ltr'>nominatim</span> <span class='ocrx_word' id='word_1_194' title='bbox 381 1558 535 1590; x_wconf 86' lang='lat' dir='ltr'>afferrent</span> <span class='ocrx_word' id='word_1_195' title='bbox 558 1560 638 1590; x_wconf 87' lang='lat' dir='ltr'>alios</span> <span class='ocrx_word' id='word_1_196' title='bbox 663 1570 694 1590; x_wconf 78' lang='lat' dir='ltr'>v.</span> <span class='ocrx_word' id='word_1_197' title='bbox 719 1570 747 1590; x_wconf 85' lang='lat' dir='ltr'>c.</span> <span class='ocrx_word' id='word_1_198' title='bbox 771 1561 911 1600; x_wconf 79' lang='lat' dir='ltr'>Attejum</span> <span class='ocrx_word' id='word_1_199' title='bbox 934 1562 1150 1601; x_wconf 83' lang='lat' dir='ltr'>Philologum,</span> <span class='ocrx_word' id='word_1_200' title='bbox 1176 1562 1309 1601; x_wconf 91' lang='lat' dir='ltr'>Cnejum</span> <span class='ocrx_word' id='word_1_201' title='bbox 1332 1561 1498 1602; x_wconf 85' lang='lat' dir='ltr'>Popilium.</span> 
     </span>
     <span class='ocr_line' id='line_1_25' title="bbox 172 1603 989 1644; baseline 0.004 -11"><span class='ocrx_word' id='word_1_202' title='bbox 172 1612 204 1633; x_wconf 78' lang='lat' dir='ltr'>v.</span> <span class='ocrx_word' id='word_1_203' title='bbox 229 1603 337 1634; x_wconf 82' lang='lat' dir='ltr'>Richt.</span> <span class='ocrx_word' id='word_1_204' title='bbox 363 1604 413 1634; x_wconf 90' lang='lat' dir='ltr'>ed.</span> <span class='ocrx_word' id='word_1_205' title='bbox 437 1605 528 1634; x_wconf 90' lang='lat' dir='ltr'>Suet.</span> <span class='ocrx_word' id='word_1_206' title='bbox 553 1604 611 1635; x_wconf 74' lang='lat' dir='ltr'>vit.</span> <span class='ocrx_word' id='word_1_207' title='bbox 636 1614 667 1644; x_wconf 89' lang='lat' dir='ltr'>p.</span> <span class='ocrx_word' id='word_1_208' title='bbox 692 1604 756 1636; x_wconf 77' lang='lat'>146</span> <span class='ocrx_word' id='word_1_209' title='bbox 789 1607 821 1635; x_wconf 86' lang='lat' dir='ltr'>et</span> <span class='ocrx_word' id='word_1_210' title='bbox 844 1608 910 1635; x_wconf 92' lang='lat' dir='ltr'>not.</span> <span class='ocrx_word' id='word_1_211' title='bbox 935 1605 989 1636; x_wconf 94' lang='lat'>41.</span> 
     </span>
    </p>
   </div>
   <div class='ocr_carea' id='block_1_7' title="bbox 170 1668 1501 1847">
    <p class='ocr_par' dir='ltr' id='par_1_7' title="bbox 170 1668 1501 1847">
     <span class='ocr_line' id='line_1_26' title="bbox 260 1668 1501 1713; baseline 0.002 -12"><span class='ocrx_word' id='word_1_212' title='bbox 260 1669 320 1709; x_wconf 87' lang='lat'>13)</span> <span class='ocrx_word' id='word_1_213' title='bbox 342 1668 449 1711; x_wconf 84' lang='lat' dir='ltr'>Epist.</span> <span class='ocrx_word' id='word_1_214' title='bbox 474 1671 513 1707; x_wconf 83' lang='lat'>2,</span> <span class='ocrx_word' id='word_1_215' title='bbox 545 1670 575 1702; x_wconf 92' lang='lat'>1.</span> <span class='ocrx_word' id='word_1_216' title='bbox 600 1670 654 1702; x_wconf 92' lang='grc'>71.</span> <span class='ocrx_word' id='word_1_217' title='bbox 693 1671 733 1701; x_wconf 80' lang='lat' dir='ltr'>cs.</span> <span class='ocrx_word' id='word_1_218' title='bbox 758 1672 892 1702; x_wconf 87' lang='lat' dir='ltr'>Sueton.</span> <span class='ocrx_word' id='word_1_219' title='bbox 925 1670 965 1702; x_wconf 87' lang='lat' dir='ltr'>de</span> <span class='ocrx_word' id='word_1_220' title='bbox 996 1671 1040 1702; x_wconf 93' lang='lat' dir='ltr'>ill.</span> <span class='ocrx_word' id='word_1_221' title='bbox 1071 1682 1119 1712; x_wconf 82' lang='lat' dir='ltr'>gr.</span> <span class='ocrx_word' id='word_1_222' title='bbox 1153 1681 1224 1713; x_wconf 84' lang='lat' dir='ltr'>cap.</span> <span class='ocrx_word' id='word_1_223' title='bbox 1248 1670 1279 1703; x_wconf 87' lang='grc'>9.</span> <span class='ocrx_word' id='word_1_224' title='bbox 1325 1672 1429 1703; x_wconf 88' lang='lat' dir='ltr'>Bentl.</span> <span class='ocrx_word' id='word_1_225' title='bbox 1459 1672 1501 1703; x_wconf 83' lang='lat' dir='ltr'>ad</span> 
     </span>
     <span class='ocr_line' id='line_1_27' title="bbox 172 1714 1494 1757; baseline 0.003 -13"><span class='ocrx_word' id='word_1_226' title='bbox 172 1714 265 1754; x_wconf 79' lang='lat' dir='ltr'>epist.</span> <span class='ocrx_word' id='word_1_227' title='bbox 290 1715 321 1752; x_wconf 91' lang='lat'>2,</span> <span class='ocrx_word' id='word_1_228' title='bbox 344 1715 376 1746; x_wconf 95' lang='lat'>1.</span> <span class='ocrx_word' id='word_1_229' title='bbox 402 1715 454 1747; x_wconf 84' lang='lat'>69.</span> <span class='ocrx_word' id='word_1_230' title='bbox 500 1715 600 1746; x_wconf 77' lang='lat' dir='ltr'>Mass.</span> <span class='ocrx_word' id='word_1_231' title='bbox 625 1716 682 1746; x_wconf 63' lang='lat' dir='ltr'>xit.</span> <span class='ocrx_word' id='word_1_232' title='bbox 705 1726 736 1756; x_wconf 88' lang='lat' dir='ltr'>p.</span> <span class='ocrx_word' id='word_1_233' title='bbox 753 1717 807 1748; x_wconf 86' lang='lat'>22.</span> <span class='ocrx_word' id='word_1_234' title='bbox 854 1716 976 1746; x_wconf 86' lang='lat' dir='ltr'>Weich.</span> <span class='ocrx_word' id='word_1_235' title='bbox 1000 1727 1031 1757; x_wconf 91' lang='lat' dir='ltr'>p.</span> <span class='ocrx_word' id='word_1_236' title='bbox 1057 1727 1082 1747; x_wconf 90' lang='lat' dir='ltr'>r.</span> <span class='ocrx_word' id='word_1_237' title='bbox 1103 1727 1134 1757; x_wconf 90' lang='lat' dir='ltr'>p.</span> <span class='ocrx_word' id='word_1_238' title='bbox 1153 1718 1195 1748; x_wconf 88' lang='grc'>25</span> <span class='ocrx_word' id='word_1_239' title='bbox 1213 1727 1258 1757; x_wconf 89' lang='lat' dir='ltr'>sq.</span> <span class='ocrx_word' id='word_1_240' title='bbox 1283 1727 1313 1757; x_wconf 92' lang='lat' dir='ltr'>p.</span> <span class='ocrx_word' id='word_1_241' title='bbox 1338 1718 1415 1748; x_wconf 80' lang='lat'>357.</span> <span class='ocrx_word' id='word_1_242' title='bbox 1441 1718 1494 1749; x_wconf 88' lang='lat'>37.</span> 
     </span>
     <span class='ocr_line' id='line_1_28' title="bbox 170 1759 1496 1802; baseline 0.002 -13"><span class='ocrx_word' id='word_1_243' title='bbox 170 1759 266 1789; x_wconf 71' lang='lat' dir='ltr'>Biihr.</span> <span class='ocrx_word' id='word_1_244' title='bbox 298 1759 330 1790; x_wconf 92' lang='lat' dir='ltr'>in</span> <span class='ocrx_word' id='word_1_245' title='bbox 362 1760 459 1791; x_wconf 88' lang='lat' dir='ltr'>libro:</span> <span class='ocrx_word' id='word_1_246' title='bbox 499 1761 592 1791; x_wconf 74' lang='lat' dir='ltr'>Rom.</span> <span class='ocrx_word' id='word_1_247' title='bbox 623 1760 821 1801; x_wconf 84' lang='lat' dir='ltr'>Literaturg.</span> <span class='ocrx_word' id='word_1_248' title='bbox 852 1771 883 1801; x_wconf 94' lang='lat' dir='ltr'>p.</span> <span class='ocrx_word' id='word_1_249' title='bbox 908 1761 972 1792; x_wconf 85' lang='lat'>222</span> <span class='ocrx_word' id='word_1_250' title='bbox 1005 1764 1038 1792; x_wconf 83' lang='lat' dir='ltr'>et</span> <span class='ocrx_word' id='word_1_251' title='bbox 1068 1762 1132 1793; x_wconf 79' lang='lat'>710</span> <span class='ocrx_word' id='word_1_252' title='bbox 1157 1772 1204 1802; x_wconf 88' lang='lat' dir='ltr'>sq.</span> <span class='ocrx_word' id='word_1_253' title='bbox 1266 1761 1399 1792; x_wconf 88' lang='lat' dir='ltr'>Passow</span> <span class='ocrx_word' id='word_1_254' title='bbox 1438 1763 1496 1792; x_wconf 71' lang='lat' dir='ltr'>vit.</span> 
     </span>
     <span class='ocr_line' id='line_1_29' title="bbox 171 1803 1500 1847; baseline 0.002 -14"><span class='ocrx_word' id='word_1_255' title='bbox 171 1814 202 1844; x_wconf 93' lang='lat' dir='ltr'>p.</span> <span class='ocrx_word' id='word_1_256' title='bbox 220 1803 267 1834; x_wconf 79' lang='lat' dir='ltr'>IX</span> <span class='ocrx_word' id='word_1_257' title='bbox 283 1814 330 1845; x_wconf 88' lang='lat' dir='ltr'>sq.</span> <span class='ocrx_word' id='word_1_258' title='bbox 349 1807 381 1835; x_wconf 89' lang='lat' dir='ltr'>et</span> <span class='ocrx_word' id='word_1_259' title='bbox 393 1808 470 1844; x_wconf 88' lang='lat' dir='ltr'>not.</span> <span class='ocrx_word' id='word_1_260' title='bbox 488 1805 548 1843; x_wconf 88' lang='grc'>16;</span> <span class='ocrx_word' id='word_1_261' title='bbox 574 1809 774 1836; x_wconf 79' lang='lat' dir='ltr'>commentat.</span> <span class='ocrx_word' id='word_1_262' title='bbox 791 1807 823 1836; x_wconf 91' lang='lat' dir='ltr'>in</span> <span class='ocrx_word' id='word_1_263' title='bbox 840 1806 945 1837; x_wconf 83' lang='lat' dir='ltr'>Jahnii</span> <span class='ocrx_word' id='word_1_264' title='bbox 962 1806 1070 1836; x_wconf 80' lang='lat' dir='ltr'>annal.</span> <span class='ocrx_word' id='word_1_265' title='bbox 1093 1806 1192 1838; x_wconf 73' lang='lat'>1829.</span> <span class='ocrx_word' id='word_1_266' title='bbox 1217 1806 1241 1836; x_wconf 94' lang='grc' dir='ltr'><strong>Ι.</strong></span> <span class='ocrx_word' id='word_1_267' title='bbox 1267 1807 1298 1837; x_wconf 89' lang='grc'><strong>3.</strong></span> <span class='ocrx_word' id='word_1_268' title='bbox 1322 1816 1354 1847; x_wconf 88' lang='lat' dir='ltr'>p.</span> <span class='ocrx_word' id='word_1_269' title='bbox 1373 1804 1437 1837; x_wconf 73' lang='lat'>364</span> <span class='ocrx_word' id='word_1_270' title='bbox 1453 1816 1500 1847; x_wconf 89' lang='lat' dir='ltr'>sq.</span> 
     </span>
    </p>
   </div>
   <div class='ocr_carea' id='block_1_8' title="bbox 171 1870 1500 2002">
    <p class='ocr_par' dir='ltr' id='par_1_8' title="bbox 171 1870 1500 2002">
     <span class='ocr_line' id='line_1_30' title="bbox 259 1870 1500 1912; baseline 0.001 -10"><span class='ocrx_word' id='word_1_271' title='bbox 259 1870 320 1911; x_wconf 80' lang='lat'>14)</span> <span class='ocrx_word' id='word_1_272' title='bbox 344 1871 452 1904; x_wconf 84' lang='lat' dir='ltr'>Quint.</span> <span class='ocrx_word' id='word_1_273' title='bbox 476 1871 508 1906; x_wconf 86' lang='lat'>1,</span> <span class='ocrx_word' id='word_1_274' title='bbox 530 1871 564 1902; x_wconf 89' lang='lat'>1.</span> <span class='ocrx_word' id='word_1_275' title='bbox 588 1871 630 1903; x_wconf 90' lang='grc'>12</span> <span class='ocrx_word' id='word_1_276' title='bbox 655 1874 688 1902; x_wconf 88' lang='lat' dir='ltr'>et</span> <span class='ocrx_word' id='word_1_277' title='bbox 710 1871 742 1906; x_wconf 83' lang='lat'>1.</span> <span class='ocrx_word' id='word_1_278' title='bbox 766 1872 797 1903; x_wconf 80' lang='lat'>8.</span> <span class='ocrx_word' id='word_1_279' title='bbox 823 1874 854 1903; x_wconf 83' lang='lat'>5.</span> <span class='ocrx_word' id='word_1_280' title='bbox 908 1871 1060 1912; x_wconf 83' lang='lat' dir='ltr'>„Optime</span> <span class='ocrx_word' id='word_1_281' title='bbox 1090 1872 1270 1902; x_wconf 88' lang='lat' dir='ltr'>institutum</span> <span class='ocrx_word' id='word_1_282' title='bbox 1302 1874 1369 1910; x_wconf 87' lang='lat' dir='ltr'>est,</span> <span class='ocrx_word' id='word_1_283' title='bbox 1400 1874 1436 1902; x_wconf 87' lang='lat' dir='ltr'>ut</span> <span class='ocrx_word' id='word_1_284' title='bbox 1458 1873 1500 1903; x_wconf 88' lang='lat' dir='ltr'>ab</span> 
     </span>
     <span class='ocr_line' id='line_1_31' title="bbox 171 1914 1500 1956; baseline 0.002 -12"><span class='ocrx_word' id='word_1_285' title='bbox 171 1915 310 1945; x_wconf 87' lang='lat' dir='ltr'>Homero</span> <span class='ocrx_word' id='word_1_286' title='bbox 341 1918 438 1954; x_wconf 87' lang='lat' dir='ltr'>atque</span> <span class='ocrx_word' id='word_1_287' title='bbox 469 1914 604 1954; x_wconf 73' lang='lat' dir='ltr'>Virgilio</span> <span class='ocrx_word' id='word_1_288' title='bbox 636 1916 730 1946; x_wconf 88' lang='lat' dir='ltr'>lectio</span> <span class='ocrx_word' id='word_1_289' title='bbox 755 1916 930 1956; x_wconf 86' lang='lat' dir='ltr'>inciperet,</span> <span class='ocrx_word' id='word_1_290' title='bbox 970 1925 1157 1956; x_wconf 81' lang='lat' dir='ltr'>quamquam</span> <span class='ocrx_word' id='word_1_291' title='bbox 1196 1917 1238 1946; x_wconf 84' lang='lat' dir='ltr'>ad</span> <span class='ocrx_word' id='word_1_292' title='bbox 1277 1916 1500 1956; x_wconf 83' lang='lat' dir='ltr'>intelligendas</span> 
     </span>
     <span class='ocr_line' id='line_1_32' title="bbox 172 1958 1498 2002; baseline 0.002 -13"><span class='ocrx_word' id='word_1_293' title='bbox 172 1969 279 1990; x_wconf 90' lang='lat' dir='ltr'>eorum</span> <span class='ocrx_word' id='word_1_294' title='bbox 310 1960 445 1990; x_wconf 67' lang='lat' dir='ltr'>virtutes</span> <span class='ocrx_word' id='word_1_295' title='bbox 476 1958 617 1990; x_wconf 85' lang='lat' dir='ltr'>firmiore</span> <span class='ocrx_word' id='word_1_296' title='bbox 643 1959 766 1999; x_wconf 73' lang='lat' dir='ltr'>judicio</span> <span class='ocrx_word' id='word_1_297' title='bbox 798 1970 876 2001; x_wconf 89' lang='lat' dir='ltr'>opus</span> <span class='ocrx_word' id='word_1_298' title='bbox 908 1962 1025 1992; x_wconf 83' lang='lat' dir='ltr'>esset.‘&#39;</span> <span class='ocrx_word' id='word_1_299' title='bbox 1078 1960 1128 1991; x_wconf 86' lang='lat' dir='ltr'>Cf.</span> <span class='ocrx_word' id='word_1_300' title='bbox 1160 1960 1300 1992; x_wconf 82' lang='lat' dir='ltr'>Schmid.</span> <span class='ocrx_word' id='word_1_301' title='bbox 1331 1961 1373 1991; x_wconf 86' lang='lat' dir='ltr'>ad</span> <span class='ocrx_word' id='word_1_302' title='bbox 1405 1962 1498 2002; x_wconf 85' lang='lat' dir='ltr'>epist.</span> 
     </span>
    </p>
   </div>
   <div class='ocr_carea' id='block_1_9' title="bbox 170 2004 1499 2114">
    <p class='ocr_par' dir='ltr' id='par_1_9' title="bbox 170 2004 1499 2114">
     <span class='ocr_line' id='line_1_33' title="bbox 170 2004 340 2042; baseline -0.018 -5"><span class='ocrx_word' id='word_1_303' title='bbox 170 2005 207 2042; x_wconf 83' lang='lat'>2,</span> <span class='ocrx_word' id='word_1_304' title='bbox 232 2005 263 2036; x_wconf 85' lang='lat'>2.</span> <span class='ocrx_word' id='word_1_305' title='bbox 287 2004 340 2036; x_wconf 83' lang='lat'>44.</span> 
     </span>
     <span class='ocr_line' id='line_1_34' title="bbox 258 2070 1499 2114; baseline 0.002 -12"><span class='ocrx_word' id='word_1_306' title='bbox 258 2070 319 2110; x_wconf 78' lang='lat'>15)</span> <span class='ocrx_word' id='word_1_307' title='bbox 342 2070 447 2111; x_wconf 83' lang='lat' dir='ltr'>Epist.</span> <span class='ocrx_word' id='word_1_308' title='bbox 471 2072 509 2107; x_wconf 83' lang='lat'>2,</span> <span class='ocrx_word' id='word_1_309' title='bbox 534 2073 565 2103; x_wconf 85' lang='grc'>2.</span> <span class='ocrx_word' id='word_1_310' title='bbox 591 2071 644 2104; x_wconf 82' lang='grc'>42.</span> <span class='ocrx_word' id='word_1_311' title='bbox 690 2071 813 2102; x_wconf 88' lang='lat' dir='ltr'>Romae</span> <span class='ocrx_word' id='word_1_312' title='bbox 842 2071 956 2102; x_wconf 87' lang='lat' dir='ltr'>nutriri</span> <span class='ocrx_word' id='word_1_313' title='bbox 988 2072 1062 2104; x_wconf 87' lang='lat' dir='ltr'>mihi</span> <span class='ocrx_word' id='word_1_314' title='bbox 1097 2073 1231 2113; x_wconf 75' lang='lat' dir='ltr'>contigit</span> <span class='ocrx_word' id='word_1_315' title='bbox 1260 2074 1357 2114; x_wconf 86' lang='lat' dir='ltr'>atque</span> <span class='ocrx_word' id='word_1_316' title='bbox 1380 2073 1499 2109; x_wconf 82' lang='lat' dir='ltr'>doceri,</span> 
     </span>
    </p>
   </div>
   <div class='ocr_carea' id='block_1_10' title="bbox 96 2114 945 2157">
    <p class='ocr_par' dir='ltr' id='par_1_10' title="bbox 96 2114 945 2157">
     <span class='ocr_line' id='line_1_35' title="bbox 96 2114 945 2157; baseline 0.001 -11"><span class='ocrx_word' id='word_1_317' title='bbox 96 2114 103 2116; x_wconf 58' lang='grc'><strong><em>’</em></strong></span> <span class='ocrx_word' id='word_1_318' title='bbox 170 2116 280 2147; x_wconf 82' lang='lat' dir='ltr'>Jratus</span> <span class='ocrx_word' id='word_1_319' title='bbox 304 2115 412 2156; x_wconf 84' lang='lat' dir='ltr'>Grajis</span> <span class='ocrx_word' id='word_1_320' title='bbox 436 2120 588 2157; x_wconf 84' lang='lat' dir='ltr'>quantum</span> <span class='ocrx_word' id='word_1_321' title='bbox 611 2117 775 2148; x_wconf 83' lang='lat' dir='ltr'>nocuisset</span> <span class='ocrx_word' id='word_1_322' title='bbox 797 2116 945 2147; x_wconf 81' lang='lat' dir='ltr'>Achilles.</span> 
     </span>
    </p>
   </div>
   <div class='ocr_carea' id='block_1_11' title="bbox 170 2181 1497 2404">
    <p class='ocr_par' dir='ltr' id='par_1_11' title="bbox 170 2181 1497 2404">
     <span class='ocr_line' id='line_1_36' title="bbox 257 2181 1497 2224; baseline 0.002 -10"><span class='ocrx_word' id='word_1_323' title='bbox 257 2181 319 2223; x_wconf 89' lang='grc'>16)</span> <span class='ocrx_word' id='word_1_324' title='bbox 340 2181 446 2224; x_wconf 86' lang='lat' dir='ltr'>Epist.</span> <span class='ocrx_word' id='word_1_325' title='bbox 466 2184 497 2221; x_wconf 90' lang='grc'>2,</span> <span class='ocrx_word' id='word_1_326' title='bbox 522 2183 552 2215; x_wconf 81' lang='lat'>1.</span> <span class='ocrx_word' id='word_1_327' title='bbox 577 2183 629 2215; x_wconf 89' lang='grc'>69.</span> <span class='ocrx_word' id='word_1_328' title='bbox 663 2182 736 2214; x_wconf 90' lang='lat' dir='ltr'>Non</span> <span class='ocrx_word' id='word_1_329' title='bbox 755 2182 900 2224; x_wconf 84' lang='lat' dir='ltr'>equidem</span> <span class='ocrx_word' id='word_1_330' title='bbox 917 2184 1059 2215; x_wconf 83' lang='lat' dir='ltr'>insector</span> <span class='ocrx_word' id='word_1_331' title='bbox 1074 2183 1251 2216; x_wconf 62' lang='lat' dir='ltr'>delendave</span> <span class='ocrx_word' id='word_1_332' title='bbox 1268 2185 1409 2216; x_wconf 81' lang='lat' dir='ltr'>carmina</span> <span class='ocrx_word' id='word_1_333' title='bbox 1423 2184 1497 2216; x_wconf 87' lang='lat' dir='ltr'>Livi</span> 
     </span>
     <span class='ocr_line' id='line_1_37' title="bbox 662 2227 1497 2271; baseline 0.002 -12"><span class='ocrx_word' id='word_1_334' title='bbox 662 2227 746 2259; x_wconf 87' lang='lat' dir='ltr'>Esse</span> <span class='ocrx_word' id='word_1_335' title='bbox 768 2238 851 2265; x_wconf 83' lang='lat' dir='ltr'>reor,</span> <span class='ocrx_word' id='word_1_336' title='bbox 874 2229 999 2259; x_wconf 89' lang='lat' dir='ltr'>memini</span> <span class='ocrx_word' id='word_1_337' title='bbox 1023 2238 1105 2269; x_wconf 84' lang='lat' dir='ltr'>quae</span> <span class='ocrx_word' id='word_1_338' title='bbox 1128 2230 1292 2270; x_wconf 85' lang='lat' dir='ltr'>plagosum</span> <span class='ocrx_word' id='word_1_339' title='bbox 1308 2230 1382 2261; x_wconf 89' lang='lat' dir='ltr'>mihi</span> <span class='ocrx_word' id='word_1_340' title='bbox 1398 2239 1497 2271; x_wconf 72' lang='lat' dir='ltr'>parvo</span> 
     </span>
     <span class='ocr_line' id='line_1_38' title="bbox 357 2273 1034 2304; baseline -0.001 0"><span class='ocrx_word' id='word_1_341' title='bbox 357 2290 360 2292; x_wconf 97' lang='lat'>·</span> <span class='ocrx_word' id='word_1_342' title='bbox 663 2273 817 2304; x_wconf 89' lang='lat' dir='ltr'>Orbilium</span> <span class='ocrx_word' id='word_1_343' title='bbox 840 2273 974 2304; x_wconf 82' lang='lat' dir='ltr'>dictare.</span> <span class='ocrx_word' id='word_1_344' title='bbox 990 2291 1034 2296; x_wconf 96' lang='lat'><strong>—</strong></span> 
     </span>
     <span class='ocr_line' id='line_1_39' title="bbox 170 2316 1496 2357; baseline 0.002 -10"><span class='ocrx_word' id='word_1_345' title='bbox 170 2317 223 2348; x_wconf 91' lang='lat' dir='ltr'>ubi</span> <span class='ocrx_word' id='word_1_346' title='bbox 247 2316 383 2357; x_wconf 88' lang='lat' dir='ltr'>Bentleji</span> <span class='ocrx_word' id='word_1_347' title='bbox 409 2318 639 2357; x_wconf 83' lang='lat' dir='ltr'>conjecturam:</span> <span class='ocrx_word' id='word_1_348' title='bbox 663 2318 797 2349; x_wconf 84' lang='lat' dir='ltr'>Laevi</span> <span class='ocrx_word' id='word_1_349' title='bbox 821 2319 1000 2349; x_wconf 87' lang='lat' dir='ltr'>rectissime</span> <span class='ocrx_word' id='word_1_350' title='bbox 1025 2319 1142 2350; x_wconf 76' lang='lat' dir='ltr'>evertit</span> <span class='ocrx_word' id='word_1_351' title='bbox 1165 2319 1286 2351; x_wconf 86' lang='lat' dir='ltr'>Weich.</span> <span class='ocrx_word' id='word_1_352' title='bbox 1311 2318 1352 2350; x_wconf 88' lang='lat' dir='ltr'>de</span> <span class='ocrx_word' id='word_1_353' title='bbox 1374 2318 1496 2351; x_wconf 60' lang='lat' dir='ltr'>Laexio</span> 
     </span>
     <span class='ocr_line' id='line_1_40' title="bbox 171 2361 952 2404; baseline 0.004 -12"><span class='ocrx_word' id='word_1_354' title='bbox 171 2364 267 2401; x_wconf 89' lang='lat' dir='ltr'>poeta</span> <span class='ocrx_word' id='word_1_355' title='bbox 290 2361 322 2402; x_wconf 61' lang='grc' dir='ltr'>ξ.</span> <span class='ocrx_word' id='word_1_356' title='bbox 347 2363 377 2394; x_wconf 88' lang='grc'>3.</span> <span class='ocrx_word' id='word_1_357' title='bbox 402 2373 432 2403; x_wconf 91' lang='lat' dir='ltr'>p.</span> <span class='ocrx_word' id='word_1_358' title='bbox 456 2363 512 2393; x_wconf 85' lang='lat' dir='ltr'>rel.</span> <span class='ocrx_word' id='word_1_359' title='bbox 535 2373 567 2403; x_wconf 87' lang='lat' dir='ltr'>p.</span> <span class='ocrx_word' id='word_1_360' title='bbox 591 2363 633 2394; x_wconf 88' lang='grc'><strong>27</strong></span> <span class='ocrx_word' id='word_1_361' title='bbox 658 2373 707 2404; x_wconf 85' lang='lat' dir='ltr'>sq.</span> <span class='ocrx_word' id='word_1_362' title='bbox 729 2362 784 2395; x_wconf 84' lang='lat'>37.</span> <span class='ocrx_word' id='word_1_363' title='bbox 807 2365 873 2393; x_wconf 89' lang='lat' dir='ltr'>not.</span> <span class='ocrx_word' id='word_1_364' title='bbox 899 2362 952 2395; x_wconf 86' lang='lat'>14.</span> 
     </span>
    </p>
   </div>
   <div class='ocr_carea' id='block_1_12' title="bbox 171 2427 1495 2606">
    <p class='ocr_par' dir='ltr' id='par_1_12' title="bbox 171 2427 1495 2606">
     <span class='ocr_line' id='line_1_41' title="bbox 256 2427 1495 2469; baseline 0.002 -10"><span class='ocrx_word' id='word_1_365' title='bbox 256 2428 319 2469; x_wconf 88' lang='grc'>17)</span> <span class='ocrx_word' id='word_1_366' title='bbox 341 2427 389 2459; x_wconf 87' lang='lat' dir='ltr'>De</span> <span class='ocrx_word' id='word_1_367' title='bbox 424 2439 485 2469; x_wconf 87' lang='lat' dir='ltr'>quo</span> <span class='ocrx_word' id='word_1_368' title='bbox 520 2439 607 2460; x_wconf 86' lang='lat' dir='ltr'>more</span> <span class='ocrx_word' id='word_1_369' title='bbox 644 2430 685 2461; x_wconf 86' lang='lat' dir='ltr'>cf.</span> <span class='ocrx_word' id='word_1_370' title='bbox 711 2429 806 2469; x_wconf 84' lang='lat' dir='ltr'>epist.</span> <span class='ocrx_word' id='word_1_371' title='bbox 832 2429 870 2463; x_wconf 86' lang='lat'>1.</span> <span class='ocrx_word' id='word_1_372' title='bbox 894 2429 926 2461; x_wconf 92' lang='lat'>1.</span> <span class='ocrx_word' id='word_1_373' title='bbox 951 2430 1006 2461; x_wconf 82' lang='lat'>55.</span> <span class='ocrx_word' id='word_1_374' title='bbox 1050 2430 1090 2469; x_wconf 85' lang='lat'>1,</span> <span class='ocrx_word' id='word_1_375' title='bbox 1114 2430 1166 2462; x_wconf 79' lang='lat'>18.</span> <span class='ocrx_word' id='word_1_376' title='bbox 1192 2430 1248 2464; x_wconf 88' lang='grc'>12.</span> <span class='ocrx_word' id='word_1_377' title='bbox 1295 2432 1333 2469; x_wconf 88' lang='grc'><strong>2,</strong></span> <span class='ocrx_word' id='word_1_378' title='bbox 1363 2431 1396 2464; x_wconf 90' lang='grc'>1.</span> <span class='ocrx_word' id='word_1_379' title='bbox 1420 2430 1495 2463; x_wconf 87' lang='grc'><strong>110.</strong></span> 
     </span>
     <span class='ocr_line' id='line_1_42' title="bbox 171 2471 1494 2515; baseline 0.004 -13"><span class='ocrx_word' id='word_1_380' title='bbox 171 2471 278 2504; x_wconf 77' lang='lat' dir='ltr'>Schol.</span> <span class='ocrx_word' id='word_1_381' title='bbox 302 2472 343 2503; x_wconf 89' lang='lat' dir='ltr'>ad</span> <span class='ocrx_word' id='word_1_382' title='bbox 366 2474 437 2504; x_wconf 88' lang='lat' dir='ltr'>Sat.</span> <span class='ocrx_word' id='word_1_383' title='bbox 460 2473 491 2511; x_wconf 92' lang='lat'>1,</span> <span class='ocrx_word' id='word_1_384' title='bbox 516 2474 571 2506; x_wconf 88' lang='grc'>10.</span> <span class='ocrx_word' id='word_1_385' title='bbox 597 2474 652 2505; x_wconf 87' lang='grc'>75.</span> <span class='ocrx_word' id='word_1_386' title='bbox 706 2474 828 2505; x_wconf 89' lang='lat' dir='ltr'>Weich.</span> <span class='ocrx_word' id='word_1_387' title='bbox 859 2484 890 2514; x_wconf 91' lang='lat' dir='ltr'>p.</span> <span class='ocrx_word' id='word_1_388' title='bbox 915 2484 941 2504; x_wconf 94' lang='lat' dir='ltr'>r.</span> <span class='ocrx_word' id='word_1_389' title='bbox 965 2485 998 2515; x_wconf 88' lang='lat' dir='ltr'>p.</span> <span class='ocrx_word' id='word_1_390' title='bbox 1024 2474 1078 2506; x_wconf 85' lang='grc'>25.</span> <span class='ocrx_word' id='word_1_391' title='bbox 1107 2478 1174 2506; x_wconf 86' lang='grc'><strong>1101.</strong></span> <span class='ocrx_word' id='word_1_392' title='bbox 1198 2476 1230 2507; x_wconf 84' lang='lat'>4.</span> <span class='ocrx_word' id='word_1_393' title='bbox 1276 2477 1404 2507; x_wconf 86' lang='lat' dir='ltr'>Passow</span> <span class='ocrx_word' id='word_1_394' title='bbox 1438 2476 1494 2507; x_wconf 88' lang='lat' dir='ltr'>vit.</span> 
     </span>
     <span class='ocr_line' id='line_1_43' title="bbox 173 2518 1494 2559; baseline 0.002 -12"><span class='ocrx_word' id='word_1_395' title='bbox 173 2519 239 2548; x_wconf 85' lang='lat' dir='ltr'>not.</span> <span class='ocrx_word' id='word_1_396' title='bbox 261 2518 315 2549; x_wconf 87' lang='lat'>20.</span> <span class='ocrx_word' id='word_1_397' title='bbox 338 2533 381 2541; x_wconf 67' lang='lat'>—</span> <span class='ocrx_word' id='word_1_398' title='bbox 406 2519 578 2550; x_wconf 85' lang='lat' dir='ltr'>Caeterum</span> <span class='ocrx_word' id='word_1_399' title='bbox 601 2521 690 2550; x_wconf 89' lang='lat' dir='ltr'>recte</span> <span class='ocrx_word' id='word_1_400' title='bbox 712 2519 787 2550; x_wconf 89' lang='lat' dir='ltr'>mihi</span> <span class='ocrx_word' id='word_1_401' title='bbox 812 2518 942 2550; x_wconf 82' lang='lat' dir='ltr'>videtur</span> <span class='ocrx_word' id='word_1_402' title='bbox 966 2520 1144 2559; x_wconf 86' lang='lat' dir='ltr'>conjecisse</span> <span class='ocrx_word' id='word_1_403' title='bbox 1167 2520 1320 2552; x_wconf 84' lang='lat' dir='ltr'>Rotterus</span> <span class='ocrx_word' id='word_1_404' title='bbox 1344 2520 1402 2559; x_wconf 87' lang='lat' dir='ltr'>(de</span> <span class='ocrx_word' id='word_1_405' title='bbox 1423 2519 1494 2550; x_wconf 90' lang='lat' dir='ltr'>Ho-</span> 
     </span>
     <span class='ocr_line' id='line_1_44' title="bbox 172 2560 1492 2606; baseline 0.004 -16"><span class='ocrx_word' id='word_1_406' title='bbox 172 2560 246 2591; x_wconf 85' lang='lat' dir='ltr'>ratii</span> <span class='ocrx_word' id='word_1_407' title='bbox 269 2562 382 2594; x_wconf 85' lang='lat' dir='ltr'>studiis</span> <span class='ocrx_word' id='word_1_408' title='bbox 405 2564 542 2603; x_wconf 84' lang='lat' dir='ltr'>graecis.</span> <span class='ocrx_word' id='word_1_409' title='bbox 589 2563 750 2596; x_wconf 80' lang='lat' dir='ltr'>Gleiwitz.</span> <span class='ocrx_word' id='word_1_410' title='bbox 773 2563 873 2597; x_wconf 77' lang='grc'><strong>1836.</strong></span> <span class='ocrx_word' id='word_1_411' title='bbox 898 2574 929 2606; x_wconf 88' lang='lat' dir='ltr'>p.</span> <span class='ocrx_word' id='word_1_412' title='bbox 954 2565 1021 2605; x_wconf 80' lang='lat'>6.)‚</span> <span class='ocrx_word' id='word_1_413' title='bbox 1066 2564 1234 2596; x_wconf 88' lang='lat' dir='ltr'>Horatium</span> <span class='ocrx_word' id='word_1_414' title='bbox 1264 2575 1284 2595; x_wconf 88' lang='lat' dir='ltr'>a</span> <span class='ocrx_word' id='word_1_415' title='bbox 1314 2564 1492 2596; x_wconf 88' lang='lat' dir='ltr'>tenerrimis</span> 
     </span>
    </p>
   </div>
  </div>
 </body>
</html>
