1643 2959
721 240 994 282 —176—

206 351 312 393 Quae
345 351 450 386 aetas
485 347 636 384 videtur
664 345 745 391 jam
779 347 901 384 amori
934 359 1020 384 esse
1062 348 1220 386 aliena.”
1280 351 1382 388 Cave
1418 342 1537 389 falsa‘

202 410 412 448 Weicherti
443 408 592 443 ratione
627 406 853 457 decipiaris,
889 408 956 456 qui
988 409 1030 445 in
1063 412 1263 446 comment.
1290 410 1337 447 de
1361 413 1449 450 Var.
1475 414 1515 449 et

203 472 308 509 Cass.
341 481 377 516 p.
414 468 472 504 59.
505 470 584 505 not.
618 468 651 505 3.
687 468 888 506 Horatium
922 471 1098 507 octavum
1129 470 1293 508 lustrum
1333 471 1515 510 clausisse

203 532 299 568 dixit
325 541 359 566 a.
386 528 470 565 728.

302 652 541 688 cARMEN
565 652 646 689 v1.
690 653 883 702 „Septimi
920 653 1098 705 Gades'>‚
1134 654 1237 703 quod
1269 654 1462 694 Vanderb.
1485 655 1516 693 Ι.

199 724 238 761 p.
263 714 346 750 231.
371 713 480 750 brevi
507 716 595 750 ante
622 725 656 749 a.
685 714 768 751 720.
795 710 900 766 (721.
918 712 1070 768 Vam),
1098 718 1138 751 et
1154 716 1351 753 Kirchner.
1370 717 1518 764 quaest.

198 786 237 822 p.
264 775 297 811 5.
324 772 360 824 ξ.
388 775 422 812 9.
449 786 486 822 p.
514 775 548 811 8.
577 772 612 824 ξ.
642 774 698 811 18.
724 786 762 823 p.
789 775 847 811 31.
874 773 911 825 ξ.
937 777 995 813 57.
1022 787 1056 813 a.
1083 776 1166 813 718.
1201 779 1400 814 exaratum
1430 787 1516 813 esse

199 835 461 872 infelicissime
495 833 759 884 conjecerunt,
795 837 976 884 quoniam
1008 838 1190 874 Horatius
1223 837 1423 886 praedium
1447 836 1519 874 Sa-

197 896 333 933 binum
357 896 527 932 nondum
551 895 789 945 possederit,
819 897 1003 944 scriptum
1030 909 1114 934 esse
1132 900 1221 946 post
1246 910 1280 935 a.
1306 898 1391 935 725.
1417 897 1518 934 clare

200 958 361 1004 apparet
394 967 415 993 e
449 967 506 992 vs.
542 956 600 1005 2.‚
626 957 668 992 in
702 967 778 1003 quo
819 958 1002 994 Cantabri
1030 961 1210 1007 „indocti
1241 960 1520 996 Romanorum

191 1017 301 1065 juya
323 1015 457 1061 sbrroe‘)
484 1016 672 1051 dicuntur.
731 1017 831 1052 Nam
865 1028 911 1052 eo
945 1020 1118 1065 tempore
1144 1019 1310 1066 primum
1333 1019 1517 1056 Romanis

200 1089 286 1114 cum
325 1076 412 1112 istis
446 1075 598 1123 populis
632 1086 694 1111 res
729 1075 823 1125 suit,
857 1076 1098 1125 primumque
1126 1079 1330 1129 Cantabri,
1355 1080 1520 1116 Astures

201 1140 240 1175 et
264 1136 427 1174 Vaccaei
451 1136 546 1172 victi
571 1138 680 1184 sunt,
714 1138 814 1172 teste
847 1138 973 1174 Dione
1008 1139 1076 1188 51,
1113 1139 1172 1177 20.
1223 1141 1365 1187 Jugum
1390 1143 1520 1177 autem

202 1200 382 1235 excutere
419 1197 650 1234 studuerunt
684 1208 717 1233 a.
752 1197 856 1248 728„
891 1199 993 1235 unde
1028 1200 1225 1247 Augustus
1259 1212 1309 1237 ex
1335 1202 1460 1238 Gallia
1485 1212 1519 1238 a.

200 1260 284 1296 729.
309 1259 351 1295 in
375 1259 601 1306 Hispaniam
613 1258 806 1306 profectus
842 1260 1072 1297 rebellantes
1096 1264 1229 1307 gentes
1256 1261 1402 1298 domuit
1420 1258 1518 1313 (Dio

201 1321 270 1370 52,
305 1320 364 1357 22.
400 1322 439 1355 et
472 1315 565 1370 25.).
625 1320 759 1366 Itaque
797 1321 979 1357 Cantabri
1011 1332 1090 1358 non
1123 1322 1233 1359 facile
1260 1324 1348 1358 ante
1375 1333 1409 1359 a.
1433 1322 1518 1359 728.

200 1381 363 1419 Romani
382 1380 467 1427 jugi
491 1380 737 1427 impatientes
766 1380 842 1417 dici
866 1384 1056 1428 poterant.
1107 1383 1189 1420 Nec
1221 1382 1305 1418 veri
1332 1385 1393 1419 est
1416 1382 1520 1420 absi-

200 1443 290 1478 mile
317 1451 471 1478 carmen
495 1453 564 1488 per
589 1452 676 1477 ann.
705 1441 789 1477 728.
818 1444 856 1478 et
873 1442 931 1479 29.
959 1444 1212 1491 compositum
1238 1454 1334 1480 esse.
1373 1444 1520 1492 Aperte

201 1505 316 1551 poeta
343 1514 384 1538 se
409 1504 535 1538 aetate
562 1502 840 1549 provectiorem
865 1504 994 1551 prodit
1019 1505 1061 1540 in
1086 1516 1121 1542 v.
1148 1505 1172 1540 6
1199 1515 1254 1552 sq.
1280 1500 1337 1556 (v.
1362 1504 1519 1541 Passov.

199 1566 278 1601 not.
305 1559 387 1615 92.)
414 1565 453 1598 et
478 1574 513 1600 v.
539 1563 586 1598 22
615 1573 691 1611 sq.,
720 1563 785 1611 qui
821 1574 935 1611 quam
972 1566 1102 1612 inepte
1127 1566 1326 1602 Kirchner.
1353 1566 1393 1600 et
1417 1567 1520 1602 Van-

202 1624 307 1660 derb.
336 1635 490 1660 carmen
514 1624 590 1670 ipsi
614 1624 761 1669 vigenti
788 1627 907 1660 aetati
923 1624 1198 1672 adscripserint
1222 1625 1435 1662 luculenter
1452 1625 1520 1662 do-

201 1687 299 1722 cent.
349 1685 430 1721 Nec
463 1684 602 1720 mirum
638 1687 698 1720 est
738 1685 939 1721 Horatium
972 1688 1154 1734 tanquam
1187 1688 1291 1722 certo
1325 1685 1518 1722 domicilio

202 1747 394 1781 carentem
418 1745 460 1780 in
487 1756 583 1793 aqro
610 1745 814 1783 Tiburtino
840 1747 901 1782 vel
937 1747 1152 1785 Tarentino
1177 1757 1253 1784 una
1279 1757 1364 1783 cum
1391 1746 1518 1794 Septi·

200 1807 277 1842 mio
313 1816 381 1842 suo
418 1806 519 1841 vitae
553 1805 841 1843 tabernaculum
873 1808 1041 1844 voluisse
1077 1809 1273 1845 collocare.
1332 1806 1517 1854 Alioquin

200 1867 418 1903 mirandum
444 1866 560 1903 etiam
586 1869 709 1916 esset,
744 1867 846 1914 quod
879 1879 1035 1915 prorsus
1070 1870 1206 1906 eodem
1240 1880 1355 1905 sensu
1381 1868 1518 1905 ductus

201 1927 251 1963 ad
288 1928 551 1964 Maecenatem
589 1928 762 1978 scripsit,
807 1939 892 1965 cum
932 1929 1074 1967 dudum
1113 1931 1242 1967 villam
1284 1929 1515 1979 possideret,

202 1988 311 2035 epist.
340 1988 383 2037 1,
409 1989 444 2024 7.
474 1990 552 2026 44.:

592 2072 641 2078 ——
692 2051 786 2088 mihi
807 2050 889 2097 jam
913 2063 991 2088 non
1015 2052 1122 2098 regia
1148 2053 1270 2089 Roma

397 2109 472 2146 Sed
497 2122 660 2147 vacuum
687 2113 809 2149 Tibur
833 2113 958 2160 placet
988 2116 1054 2150 aut
1079 2113 1231 2150 imbelle
1259 2113 1496 2160 Tarentum„

202 2171 262 2207 vel
288 2170 390 2219 quod
416 2170 476 2208 od.
503 2172 539 2220 3,
567 2173 600 2208 4.
627 2173 686 2210 21.
713 2173 871 2210 cecinit:

395 2233 552 2281 Vester,
582 2234 793 2282 Camenae,
819 2236 948 2270 vester
973 2235 1014 2270 in
1040 2233 1179 2269 arduos

395 2293 523 2329 Tollor
549 2293 732 2344 Sabinos;
759 2305 827 2330 seu
853 2294 948 2330 mihi
973 2293 1155 2339 frigidum

459 2353 685 2404 Praeneste,
719 2367 786 2391 seu
813 2355 933 2392 Tibur
960 2355 1159 2404 supinum,

512 2415 585 2452 Seu
610 2416 780 2464 liquidae
807 2416 985 2464 placuere
1012 2416 1141 2462 Bajae.

202 2475 439 2522 Quamquam
471 2476 668 2522 probabile
704 2479 762 2514 est
803 2477 1004 2513 Horatium
1038 2476 1220 2523 singulari
1261 2487 1415 2524 prorsus
1461 2476 1510 2513 de

202 2546 336 2572 caussa
370 2546 467 2583 quae
491 2547 562 2572 nos
587 2537 684 2582 fugit
719 2540 758 2573 et
791 2537 972 2583 singulari
1001 2537 1219 2575 occassione
1247 2536 1402 2574 ductum
1427 2548 1509 2574 car-

199 2606 286 2632 men
311 2597 578 2646 composuisse.
630 2597 790 2634 Videtur
815 2598 970 2645 quidem
994 2599 1115 2636 omnis
1143 2598 1223 2645 ejus
1249 2599 1334 2636 finis
1358 2599 1400 2637 in
1423 2608 1509 2636 rara
