1659 2948
672 212 949 254 —41—

152 334 217 361 cos
243 323 285 359 in
311 332 466 359 scenam
493 322 605 371 quasi
630 319 841 371 produxit'l
894 322 971 359 Cur
997 320 1057 357 his
1084 322 1127 358 ut
1143 321 1322 369 placeant
1340 323 1483 371 scripta

151 384 279 434 cupit,
307 384 374 433 qui
399 387 543 434 tamen,
572 384 605 420 si
632 385 698 432 qui
725 384 804 434 alii,
832 395 879 421 ea
903 379 1072 420 norant?
1121 380 1275 421 Viden?
1325 384 1386 421 Ita
1410 384 1483 421 tibi

149 457 233 483 rem
259 446 494 483 confidenter
519 447 693 482 informa.
749 446 858 489 Quae
892 446 1073 493 poemata
1107 444 1268 481 eruditis
1301 445 1378 482 illis
1403 446 1483 482 Ho-

150 508 240 544 ratii
266 508 400 545 amicis
426 507 718 544 recitationibus
744 509 895 542 tantum
911 507 974 543 vel
989 517 1067 542 uno
1093 507 1262 543 alterove
1290 505 1484 555 descripto

142 569 362 617 exemplari
397 569 524 605 obiter
557 569 826 617 innotuerant,
868 579 915 604 ea
947 567 1118 604 nondum
1152 567 1200 604 ab
1235 568 1340 604 omni
1373 570 1485 617 parte

152 629 355 676 dijudicari
389 630 662 678 aestimarique
697 630 887 677 poterant.
947 629 1030 664 Iam
1065 640 1152 665 cuin
1185 629 1370 666 Horatius
1407 630 1485 676 syl-

150 691 265 738 logen
299 692 473 728 editurus
514 693 554 726 et
587 691 642 726 ita
677 690 828 736 singula
863 700 1040 737 quaeque
1082 691 1274 726 communi
1315 691 1486 728 omnium

145 751 294 799 judicio
322 752 565 797 subjecturus
593 753 717 800 esset,
745 753 850 786 reete
876 750 918 786 id
946 751 1022 787 sibi
1048 762 1162 787 curae
1189 751 1372 800 cordique
1400 764 1487 789 esse

151 813 279 861 potuit
294 813 523 861 significare,
539 813 582 847 ut
595 812 644 848 ab
672 811 851 848 omnibus
867 822 913 848 ea
928 811 1046 848 etiam
1065 812 1301 848 accuratiore
1319 813 1487 850 lectione

149 875 328 912 instituta
353 873 621 921 probarentur.
674 874 857 910 Fortasse
884 872 1071 920 quasdam
1106 873 1244 909 satiras
1277 884 1326 910 ne
1354 875 1488 911 amicis

150 936 307 984 quidem
339 936 593 983 praelegerat.
656 934 731 972 Sed
763 934 874 970 vides
905 934 987 981 jam
1018 934 1085 971 illa
1110 934 1230 971 verba
1256 937 1490 984 „doliturus

150 1000 186 1035 εἰ
208 999 404 1045 placeant
425 999 523 1045 spe⁷⁷
549 1008 708 1045 prorsus
734 1006 814 1032 non
838 1006 955 1044 posse
981 995 1165 1042 intelligi,
1192 996 1269 1033 nisi
1286 997 1490 1034 Horatium

150 1059 248 1096 haec
281 1059 411 1096 omnia
446 1059 648 1107 scripsisse
684 1061 831 1096 statuas
870 1060 953 1094 tum
987 1068 1074 1094 cum
1107 1058 1227 1094 totius
1260 1058 1381 1095 libelli
1408 1059 1489 1095 edi-

151 1121 298 1157 tionem
323 1123 489 1169 pararet.
542 1121 662 1158 Vides
696 1121 796 1158 hanc
830 1120 956 1168 ipsam
983 1119 1141 1155 satiram
1168 1131 1254 1156 esse
1283 1120 1488 1167 epilogum.

150 1183 202 1219 Et
226 1184 399 1230 profecto
427 1182 570 1230 epilogi
602 1184 763 1219 naturae
799 1181 864 1229 pia
896 1181 972 1217 ista
998 1182 1089 1217 vota
1116 1181 1370 1231 conveniunt,
1396 1181 1490 1232 {qui-

150 1243 224 1280 bus
257 1244 387 1281 nobile
421 1255 492 1291 par
525 1245 700 1293 fratrum,
726 1243 970 1281 Demetrium
1004 1244 1044 1278 et
1069 1242 1295 1292 Tigellium,
1330 1246 1490 1279 nasutu-

150 1305 275 1342 lorum
310 1306 612 1342 obtrectatorum
644 1305 767 1342 veluti
802 1304 1026 1353 signiferos,
1060 1303 1320 1352 prosequitur.
1388 1305 1491 1348 Quid

152 1366 257 1414 quod
283 1379 330 1404 ea
355 1367 397 1404 in
422 1368 558 1405 ultimo
585 1378 701 1404 versu
727 1377 891 1415 puerum
919 1365 1033 1412 jubet
1067 1366 1196 1403 libello
1220 1377 1296 1404 suo
1324 1366 1491 1403 subscri-

151 1425 273 1465 bere?
324 1428 483 1465 Hiscine
512 1426 690 1465 diffides'ss
740 1429 794 1465 At
819 1428 995 1477 libellus,
1031 1427 1179 1477 inquit,
1216 1427 1492 1474 intelligendus

152 1489 215 1525 hic
242 1490 388 1539 Sermo,
416 1492 460 1525 ut
487 1490 565 1526 Sat.
595 1490 630 1538 l,
659 1490 693 1526 4.
723 1490 782 1526 71.
836 1490 934 1526 Sunt
959 1489 1098 1537 apinae
1125 1489 1336 1536 tricaeque.
1390 1490 1492 1526 Tan-

152 1562 267 1599 quam
301 1552 364 1587 vel
397 1551 481 1599 ipse
516 1551 701 1587 Horatius
736 1550 943 1598 prohibere
978 1549 1170 1599 potuerit,
1206 1551 1410 1597 quominus
1446 1561 1494 1587 ea

152 1623 251 1660 quae
287 1612 408 1649 semel
441 1612 482 1647 in
516 1613 590 1648 fine
624 1612 744 1648 totius
779 1611 986 1647 voluminis
1020 1610 1149 1657 posita
1182 1613 1293 1647 erant·
1329 1611 1375 1648 de
1409 1614 1493 1648 toto

152 1673 479 1720 intelligerentur!
532 1673 636 1717 Quin
661 1684 774 1710 omne
800 1672 876 1709 loci
893 1683 1056 1708 acumen
1072 1671 1294 1718 infringitur
1312 1674 1351 1709 et
1376 1674 1492 1723 perit,

155 1735 188 1772 si
215 1736 317 1771 hunc
343 1737 494 1772 tantum
521 1746 738 1771 sermonem
772 1734 821 1771 ab
848 1733 1010 1771 Horatio
1044 1733 1282 1770 intellectum
1309 1745 1395 1770 esse
1422 1746 1493 1782 pu-

152 1800 224 1833 tes.
278 1797 404 1840 Quam
422 1797 561 1834 debilis
572 1796 787 1833 sententia:
815 1796 833 1832 I
854 1806 952 1843 puer
962 1797 1078 1841 atque
1096 1805 1184 1831 meo
1201 1798 1379 1833 sermoni
1395 1795 1494 1831 haec

154 1858 372 1895 subscribe!
435 1859 578 1895 Contra
613 1859 680 1906 qui
715 1858 815 1893 sales
851 1860 890 1892 et
924 1858 1069 1904 quanta
1094 1855 1308 1905 festivitas,
1344 1856 1378 1892 si
1404 1868 1492 1904 per-

154 1919 362 1956 humanam
396 1919 512 1955 istam
546 1920 731 1967 salutem,
768 1928 884 1965 quam
917 1916 1201 1953 modulatorum
1234 1917 1342 1963 gregi
1385 1917 1492 1968 dicit,

153 1981 195 2016 in
222 1981 330 2016 exitu
356 1980 448 2016 libri
474 1981 638 2017 confecti
674 1983 713 2016 et
738 1980 992 2015 Vertumnum
1026 1979 1244 2025 Janumque
1280 1980 1492 2026 spectantis

154 2042 406 2089 cogitaveris,
434 2042 582 2079 scilicet
609 2053 685 2089 quo
712 2040 1026 2078 honorificentius
1053 2039 1139 2076 illos
1166 2038 1306 2076 missos
1332 2040 1468 2078 faciat!

763 2135 799 2187 ξ.
844 2137 879 2174 2.

348 2199 447 2231 Liber
471 2201 660 2231 Sermonum
684 2200 846 2241 posterior
868 2209 952 2230 anno
976 2208 1005 2230 u.
1032 2210 1059 2230 c.
1084 2198 1161 2232 724.
1187 2198 1304 2231 editus.

254 2288 437 2336 Sequitur
469 2291 513 2324 ut
548 2288 595 2325 de
630 2290 805 2337 tempore
833 2298 1084 2337 quaeramus,
1114 2299 1189 2336 quo
1217 2288 1316 2324 alter
1342 2289 1493 2324 Sermo-

155 2361 247 2386 num
279 2350 379 2386 liber
413 2350 557 2398 publici
586 2349 687 2396 juris
722 2351 844 2386 factus
879 2349 1006 2386 suerit.
1067 2349 1112 2385 Id
1147 2349 1302 2386 etiamsi
1334 2361 1413 2386 non
1439 2350 1494 2385 ita

157 2412 338 2448 constitui
363 2411 509 2461 possit,
538 2414 581 2447 ut
606 2412 711 2447 nulla
739 2411 930 2447 dubitatio
950 2413 1162 2461 remaneat,
1190 2411 1240 2448 ob
1263 2410 1494 2448 indiciorum

161 2473 219 2508 vel
244 2473 436 2510 defectum
460 2473 523 2509 vel
549 2473 737 2509 incertam
763 2474 961 2509 naturam:
990 2476 1121 2509 tamen
1146 2473 1261 2519 hujus
1287 2484 1348 2508 me
1376 2483 1493 2520 quae-

159 2532 293 2570 stionis
319 2545 399 2571 non
424 2535 660 2583 poenitebit,
690 2534 723 2571 si
749 2545 865 2581 quani
881 2535 1049 2571 maxime
1077 2533 1294 2582 probabilia
1318 2533 1492 2581 expisca-

158 2597 221 2631 tus
248 2606 333 2632 csse
358 2597 464 2633 visus
492 2597 650 2646 fuerim,
679 2598 717 2633 et
744 2598 826 2633 tuni
854 2607 920 2634 eos
946 2596 1064 2634 falsos
1092 2606 1177 2634 esse
1204 2594 1399 2644 evicerim,
1427 2595 1493 2643 qui
