1679 2948
719 221 997 261 ...50—

191 328 355 376 Epodon
381 340 473 366 vero
501 329 672 375 syllogcn
706 328 943 375 publicatam
970 327 1089 362 fuisse
1125 330 1277 374 oportet
1311 330 1516 375 antequam

193 390 307 437 epodi
334 390 422 426 libri
449 390 476 425 Ι.
506 388 718 424 carminum
745 387 949 435 compositi
977 388 1107 422 essent
1134 387 1158 422 i.
1187 399 1218 423 e.
1248 391 1335 424 ante
1363 399 1448 425 ann.
1477 400 1514 424 u.

191 462 222 486 c.
251 450 334 486 725.
376 451 478 495 Ergo
505 460 581 484 non
607 459 744 484 vereor
770 460 818 484 ne
845 458 1078 495 magnopere
1105 447 1214 483 fallar
1238 448 1515 497 ratiocinando,

192 511 225 547 si
253 511 418 558 epodum
447 511 503 546 17.
534 512 706 545 extrema
733 511 842 556 parte
871 509 961 544 anni
988 508 1074 544 724.
1103 509 1164 544 vel
1190 508 1302 544 initio
1321 510 1515 556 sequentis

192 572 389 618 scriptum,
417 570 628 618 eodemque
656 573 829 617 tempore
856 580 932 605 una
959 580 1045 605 cum
1073 569 1234 604 cacteris
1252 569 1396 617 publici
1416 569 1517 615 juris

191 633 334 667 factum
361 642 446 667 esse
475 631 572 667 dico.

290 691 367 728 Sub
394 692 497 728 idem
523 694 674 739 tempus
701 693 884 728 Horatius
912 691 1146 739 palinodiam
1181 691 1284 727 illam
1309 690 1408 727 libro
1435 701 1515 726 car-

190 752 336 788 minum
361 753 485 800 primo
520 753 704 788 insertam
738 753 802 802 „0
829 757 958 789 matre
981 753 1152 799 pulchra
1174 751 1262 797 filia
1285 750 1521 799 pulch7·ior·'·'

190 813 350 862 cecinit,
387 824 462 860 qua
489 814 650 849 eandem
678 824 737 849 me
767 813 898 858 judice
936 813 1136 849 Canidiam
1171 813 1252 848 sive
1287 812 1514 860 Gratidiam,
1561 815 1563 817 ’

190 884 305 921 quam
333 875 488 921 saepius
509 875 650 920 jambis
677 874 810 923 laesit,
848 874 947 909 serio
975 873 1254 921 quodammodo
1282 873 1355 909 sibi
1381 883 1514 908 recon-

190 935 349 971 ciliaret.
403 935 488 977 Qua
522 935 562 970 in
597 947 638 970 re
675 935 787 981 plane
825 945 910 969 cum
943 935 1156 970 Kirchnero
1191 931 1359 984 (quaest.
1388 931 1424 983 ἓ.
1453 934 1512 969 51.

189 1006 225 1042 p.
243 993 326 1046 27.)
353 996 487 1031 sentio.
515 997 614 1032 Nam
630 994 732 1042 quod
747 994 966 1040 nupeirime
985 995 1150 1030 Orellius
1169 995 1209 1029 in
1235 1005 1378 1039 argum.
1398 1005 1512 1030 carm.

187 1067 225 1102 p.
254 1055 313 1090 71.
344 1056 518 1103 scripsit,
561 1057 599 1090 et
639 1058 761 1091 totum
788 1057 1054 1099 argumentum
1091 1055 1220 1091 fictum
1258 1055 1403 1103 videri,
1442 1065 1513 1089 nee.

182 1115 335 1162 jambos
365 1116 660 1151 contumeliosos
689 1127 857 1162 unquam
884 1116 1048 1163 scriptos
1075 1116 1194 1151 fuisse
1214 1118 1514 1152 consentaneum

188 1188 288 1225 esse,
315 1187 394 1212 non
419 1177 541 1223 magis
569 1187 702 1212 verum
729 1178 800 1225 est,
829 1187 942 1223 quam
961 1177 1063 1223 quod
1081 1177 1343 1221 Vanderburg.
1373 1176 1512 1223 aliique

187 1237 335 1284 opinati
370 1239 478 1285 sunt,
524 1237 622 1272 hanc
663 1236 976 1283 deprecationem
1003 1237 1051 1273 ad
1089 1237 1347 1283 Tyndaridem
1386 1236 1513 1272 datam

186 1310 284 1334 esse.
327 1293 407 1350 (Ita
434 1297 552 1333 etiam
579 1297 701 1333 Schol.
722 1298 906 1345 Porphyr.
936 1301 975 1333 et
1001 1299 1129 1344 glossa
1154 1299 1195 1333 in
1221 1297 1302 1334 cod.
1323 1308 1511 1334 manuscr.

185 1359 209 1394 2
235 1354 462 1410 Vanderb.).
516 1358 614 1393 Mihi
633 1358 789 1405 quidem
807 1361 845 1394 et
870 1371 926 1395 vs.
947 1360 1005 1395 39.
1036 1359 1152 1407 epodi
1170 1360 1251 1396 17.:
1274 1361 1386 1407 „sive
1402 1368 1512 1394 men-

186 1422 278 1456 daci
305 1421 395 1468 lyra
420 1420 529 1456 voles
553 1420 725 1456 sonari⁷⁷
753 1421 848 1454 caet.
879 1421 918 1454 et
953 1420 1127 1464 ejusdem
1166 1432 1221 1456 vs.
1250 1419 1333 1455 21..·
1361 1420 1515 1472 „szin

184 1478 405 1526 juvenca&
426 1482 523 1516 caet.
553 1480 681 1515 collati
708 1491 794 1515 cum
821 1480 882 1516 od.
914 1480 948 1529 1,
979 1480 1035 1516 16.
1065 1481 1146 1517 22:

500 1561 551 1568 —
576 1562 626 1568 -—
652 1552 715 1577 me
739 1552 898 1588 quoque
920 1544 1090 1587 pectoris

452 1602 673 1647 Temptavit
695 1604 737 1637 in
765 1603 872 1637 dulci
890 1600 1064 1646 juventa

649 1663 801 1699 Fervor
826 1667 862 1698 et
887 1664 929 1698 in
957 1664 1106 1700 celeres
1131 1664 1286 1700 iambos

382 1724 494 1759 Misit
514 1721 759 1768 furentem.‘·'

187 1782 236 1819 ad
262 1781 424 1818 eandem
458 1794 662 1830 personam
697 1783 906 1832 eademque
942 1787 1068 1821 aetate
1108 1785 1202 1822 haec
1243 1785 1385 1832 scripta
1425 1796 1511 1821 esse

187 1845 410 1889 argumento
437 1847 525 1880 sunt
552 1844 768 1892 perspicuo,
