1659 2948
655 230 928 268 —44..-

137 336 195 373 dit
220 336 262 373 in
284 337 527 375 Simonidem
558 337 809 383 Amorginum
844 339 884 372 et
909 338 1198 383 Hipponaccem
1231 337 1453 384 Ephesium.

135 398 222 434 Jam
247 409 340 434 vero
366 398 415 434 ad
441 398 577 434 horum
603 397 835 445 exemplum,
862 396 1038 443 inprimis
1065 395 1306 445 Archilochi,
1333 397 1453 433 Hora-

135 459 212 495 tius
239 469 328 495 suos
355 457 572 505 composuit
591 457 766 506 Jambos‚
801 457 857 492 ita
890 459 1043 506 tamen,
1079 458 1122 492 ut
1147 467 1218 492 nec
1244 456 1372 493 verbis
1397 458 1453 493 in-

134 520 312 556 haereret
353 530 424 555 nec
457 519 544 566 ipsa
585 529 717 554 eorum
759 518 926 554 carmina
966 518 1231 566 converteret,
1280 517 1350 552 sed
1386 527 1454 553 nu-

132 591 324 617 merorum
349 580 498 615 tantum
524 579 839 627 compositionem
871 581 909 615 et
938 578 1067 626 poesis
1093 577 1262 614 indolem
1288 577 1455 613 imitare-

131 643 195 677 tur
212 638 262 693 ⁴).
315 640 418 685 Ergo
445 643 605 688 apparet
631 651 719 677 eum
746 641 784 676 et
809 639 955 686 ingenii
982 638 1174 687 quandam
1191 638 1456 684 cognationem

132 713 219 738 cum
243 701 320 736 illis
355 700 558 750 habuisse,
598 703 637 737 et
672 701 861 738 consimili
894 700 997 737 vitae
1037 699 1256 736 conditione
1295 700 1334 735 et
1372 699 1456 746 pari

129 761 249 798 animi
274 761 476 798 affectione
513 761 670 798 ductum
695 764 807 799 acuto
841 762 960 808 ungui
995 761 1238 798 adversarios
1273 760 1454 796 secuisse.

130 822 293 860 Etiamsi
332 822 451 869 igitur
488 823 545 859 nil
581 822 736 860 aliunde
771 823 818 859 de
855 824 982 859 aetate
1009 833 1085 870 qua
1116 822 1308 868 jambicae
1347 820 1456 868 poesi

129 894 287 932 operam
322 883 439 920 dabat
473 886 687 934 constaret,
727 883 947 920 necessario
987 886 1117 920 tamen
1150 884 1191 919 in
1229 893 1315 919 eam
1352 881 1455 917 vitae

128 947 279 993 partem
312 944 590 994 incideremus,
624 945 665 981 in
700 955 776 991 qua
801 944 991 980 libertatis
1018 954 1210 991 opumque
1238 943 1390 990 jactura
1415 942 1456 977 in

129 1017 317 1042 summam
343 1005 516 1053 inopiam
544 1006 723 1042 detrusus
759 1006 799 1040 et
824 1004 947 1051 ipsius
973 1015 1097 1052 paene
1125 1004 1226 1040 vitae
1254 1006 1454 1051 pertaesus

127 1069 222 1103 erat.
266 1066 433 1102 Proinde
460 1066 528 1102 ubi
555 1077 605 1102 ex
629 1067 732 1102 bello
758 1065 999 1112 Philippensi
1028 1066 1185 1101 Romam
1210 1063 1340 1113 rediit,
1369 1073 1456 1099 eum

127 1127 176 1164 ad
209 1127 308 1163 hanc
342 1126 480 1174 poesin
520 1138 605 1162 sese
646 1126 861 1174 applicasse
896 1126 1048 1175 judico,
1089 1137 1165 1174 qua
1196 1126 1457 1175 „Fastidiosa

124 1190 248 1226 tristis
275 1186 557 1236 aeyrimonia“
588 1183 722 1239 (epod.
753 1187 821 1235 17,
850 1183 919 1239 73)
952 1189 1141 1236 „levaret
1165 1188 1263 1224 diris
1291 1190 1456 1234 pectora

123 1248 490 1288 sollicitudinibus“
519 1244 654 1300 (epod.
685 1249 753 1298 13,
781 1243 839 1300 9).
893 1248 1014 1296 ldque
1050 1248 1134 1296 ipse
1169 1248 1366 1285 confirmat
1391 1246 1452 1282 od.

126 1312 161 1361 1,
191 1311 248 1348 16.
276 1310 358 1348 22:

490 1393 539 1400 —-
564 1392 614 1398 —
640 1382 704 1409 me
728 1382 888 1421 quoque
910 1373 1081 1419 peclore's

392 1434 612 1481 Temptavit
637 1436 684 1470 in
714 1431 927 1478 (Iuleiju
942 1436 1090 1468 venta

487 1496 641 1532 Fert-or
666 1498 703 1530 et
726 1496 769 1530 in
797 1495 944 1530 celeres
968 1492 1123 1529 iambos

388 1557 499 1594 Misit
519 1553 736 1601 furentem.

212 1707 251 1749 4)
274 1708 481 1748 Perspicuum
513 1708 604 1747 hujus
635 1708 681 1739 rei
713 1708 949 1745 testimouium,
986 1709 1189 1739 obscuratum
1220 1708 1326 1736 tamen
1349 1706 1452 1736 inter-

121 1756 247 1794 pretum
271 1752 467 1793 quorundam
490 1753 601 1792 nugis,
627 1756 676 1783 est
699 1753 784 1793 apud
807 1753 909 1792 ipsum
932 1756 1060 1793 poetam
1084 1753 1115 1782 in
1141 1752 1233 1791 epist.
1260 1750 1296 1786 1,
1322 1749 1374 1780 19.
1399 1749 1451 1780 23.

122 1808 169 1838 sq.
194 1798 363 1839 Respuens
387 1797 496 1828 vilium
520 1797 714 1828 imitatorum
738 1807 866 1827 servum
889 1807 998 1837 pecuS,
1023 1793 1212 1838 „Liberff
1241 1795 1354 1835 inquit,

320 1840 455 1873 Libera
476 1849 543 1881 per
565 1850 719 1872 vacuum
740 1842 843 1881 posui
865 1843 1015 1882 vestim«,
1036 1842 1217 1881 princeps,

320 1886 405 1918 Non
428 1886 547 1917 aliena
569 1894 647 1917 meo
669 1887 784 1926 pressi
806 1886 914 1925 71ede5
946 1887 1003 1927 qui
1026 1884 1092 1916 siba·
1112 1883 1206 1926 fidit,

321 1930 405 1961 Dua:
428 1931 522 1971 reqit
543 1938 703 1961 examen.
751 1930 884 1961 Parios
907 1938 971 1971 eyo
993 1931 1132 1970 primus
1155 1926 1296 1960 iambos

321 1973 466 2005 Ostendi
488 1974 618 2014 Latio,
651 1982 858 2006 numeros
881 1975 1140 2015 animosque
1163 1974 1297 2005 secutus

321 2017 548 2059 Archilochi,
571 2028 641 2050 non
665 2027 722 2050 res
745 2020 777 2050 et
799 2020 944 2060 ayentia
967 2017 1079 2050 verba
1103 2016 1316 2057 Lycamben.

210 2063 245 2093 Iu
269 2062 318 2092 his
347 2063 595 2099 „cmimorum“
628 2074 708 2094 voce
738 2072 799 2093 non
832 2066 896 2093 tam
920 2063 1097 2102 argumenti
1127 2061 1288 2092 acerbitas
1311 2058 1449 2099 (Bentl.)

121 2117 214 2148 quam
237 2106 360 2136 indoles
384 2109 416 2137 et
440 2107 526 2137 color
550 2108 722 2137 carminum
747 2108 872 2137 omnino
896 2108 1098 2137 denotantur.
1136 2105 1228 2141 „Res
1251 2106 1285 2135 et
1305 2104 1449 2145 agentia

119 2161 154 2184 v.
179 2152 292 2192 Lyc.“
316 2151 459 2191 intellige
483 2161 552 2182 cum
575 2155 764 2190 argumenta
788 2161 871 2190 quac
895 2152 1100 2182 Archilochus
1124 2149 1294 2184 tractavit,
1319 2151 1385 2178 tum
1410 2157 1448 2177 ea

120 2198 154 2227 in
178 2196 291 2236 quibus
315 2195 500 2235 Lycamben
524 2195 689 2236 proscidit.
735 2196 931 2226 Imitatorem
955 2197 1053 2235 igitur
1076 2205 1111 2225 se
1135 2194 1233 2230 dixit,
1259 2201 1321 2223 non
1345 2193 1447 2222 inter-

120 2243 261 2281 pretem,
297 2240 380 2280 quod
411 2241 495 2270 haud
519 2240 615 2271 dubie
638 2241 784 2270 malevoli
816 2240 958 2270 homines
990 2241 1051 2280 ipsi
1075 2239 1358 2279 exprobraverant.
1403 2237 1449 2266 Ac

120 2295 161 2316 ne
184 2285 253 2326 quis
277 2285 310 2314 id
334 2294 459 2325 quoque
482 2285 542 2315 sibi
569 2285 738 2325 opprobrio
763 2284 897 2314 daturus
920 2285 977 2319 sit,
1003 2284 1086 2323 quod
1109 2283 1218 2313 modos
1243 2285 1274 2312 et
1299 2281 1447 2312 carminis

121 2329 380 2370 compositionem
403 2330 569 2360 immutata
592 2330 777 2365 retinuerit,
802 2330 950 2369 egregios
974 2333 1087 2368 poetas
1111 2327 1313 2367 Sapphonem
1336 2328 1368 2356 et
1390 2325 1446 2355 Al-

121 2385 231 2406 caeum
254 2374 323 2414 pari
346 2373 438 2404 modo
461 2374 685 2405 Archiloclieos
717 2383 864 2404 numeros
896 2376 1056 2404 mutuatos
1089 2382 1160 2402 esse
1191 2371 1321 2407 scribit,
1354 2379 1448 2410 spre—

120 2420 208 2451 visse
231 2422 336 2450 tamen
361 2418 502 2458 ejusdem
526 2423 723 2458 argumenta.
771 2418 910 2448 Proinde
934 2427 992 2449 nec
1016 2428 1051 2448 se
1083 2417 1176 2456 hujus
1207 2415 1303 2447 moris
1333 2414 1445 2454 poeni-

120 2467 201 2499 tere,
225 2473 286 2494 nec
307 2463 481 2494 verendum
505 2464 565 2494 sibi
591 2474 680 2500 csse,
705 2473 745 2493 ne
768 2472 830 2493 non
854 2463 954 2493 libera
978 2472 1035 2503 per
1059 2471 1192 2493 vacuum
1217 2459 1363 2500 posuisse
1386 2468 1443 2489 ve-

120 2509 217 2548 stigia
239 2508 388 2549 princeps
412 2508 570 2539 videatur.
618 2508 667 2538 Cf.
700 2507 804 2537 Bentl.
835 2507 876 2537 ad
900 2508 928 2538 h.
954 2508 972 2538 l.
1005 2511 1036 2538 et
1060 2505 1217 2545 Schmid.,
1242 2504 1346 2537 Klotz.
1371 2503 1444 2534 lec-t.

120 2552 239 2585 Venus.
264 2562 336 2595 pag.
361 2552 425 2593 46„
448 2553 583 2585 Passov.
607 2553 663 2584 vit.
688 2554 752 2584 not.
776 2551 853 2591 1873.
