1643 2959
665 219 954 263 ——157—

133 332 246 368 'mota
272 332 390 380 atque
418 330 537 369 dilata
573 334 644 369 est.
706 332 927 370 Sarmatae
968 329 1193 380 patentibus
1235 330 1382 379 campis
1416 332 1474 369 in-

139 392 337 440 equitant.-
364 395 403 430 et
428 393 500 430 hos
527 405 598 443 per
624 393 792 431 eundem
816 393 1025 431 Lentulum
1060 392 1266 441 prohibere
1292 392 1474 430 Danubio

133 454 234 490 *satis
272 454 356 491 fuit.
424 455 533 493 Nihil
571 458 728 504 praeter
764 457 897 505 nives,
936 465 1122 503 rarasque
1162 454 1278 491 silvas
1317 453 1475 491 habent.

134 515 263 552 Tanta
288 516 489 554 barbaries
517 520 598 567 est,
626 520 670 554 ut
695 529 834 567 pacem
850 529 930 554 non
946 516 1202 563 intelligant.”
1243 517 1326 553 Nec
1353 515 1476 553 diser-

133 577 212 613 tior
238 578 351 615 testis
380 581 440 615 est
466 579 624 616 Sueton.
654 580 738 617 Oct.
767 580 851 617 21.:
892 579 1104 629 „Coercuit
1131 580 1170 614 et
1195 579 1390 616 Dacorum
1415 578 1475 614 in-

135 639 357 690 cursiones,
385 641 511 677 tribus
539 653 673 678 eorum
700 642 862 680 ducibus
890 652 978 678 cum
1006 650 1146 686 magna
1173 640 1286 688 copia
1312 640 1476 677 caesis.'⁷

237 702 444 739 Caeterum
469 703 561 739 Istri
588 704 742 740 accolae
770 715 793 740 a
818 703 948 752 poetis
975 704 1015 738 et
1040 701 1219 749 inprimis
1245 701 1294 738 ab
1311 701 1475 738 Horatio

132 764 215 799 tum
241 763 410 800 maxime
426 767 790 814 commemorantur,
820 776 907 801 cum
926 764 974 800 de
989 763 1228 810 gravissimis
1247 765 1286 799 et
1302 763 1474 811 pertina-

131 824 299 862 cissimis
317 825 580 861 Romanorum
594 825 774 861 hostibus
791 825 1000 861 dicendum
1010 827 1085 873 est,
1100 825 1157 861 ita
1170 827 1214 861 ut
1225 825 1472 874 Scytharum,

130 885 443 932 Massagetarum
462 883 546 938 (od.
570 886 605 936 1,
634 886 694 922 35.
716 884 814 939 40.)‚
844 886 1095 934 Gelonorum,
1123 885 1330 934 Thracum,
1348 887 1474 922 Daco-

128 958 292 996 rumque
305 948 464 984 nomina
477 948 625 996 pariter
638 951 756 996 atque
766 946 985 996 Medorum,
995 947 1215 996 Persarum,
1226 947 1474 984 Parthorum-

131 1019 206 1057 que
229 1009 333 1058 apud
348 1010 554 1046 Horatium
567 1020 660 1046 vere
675 1006 822 1046 θετικὰ
837 1008 975 1045 haberi
994 1011 1150 1056 queant.
1190 1008 1251 1046 Ita
1267 1009 1310 1045 in
1327 1020 1376 1046 eo
1393 1021 1476 1046 car-

127 1070 255 1121 mine,
293 1071 341 1108 de
377 1082 453 1120 quo
489 1071 661 1121 agimus,
706 1081 786 1107 non
819 1070 869 1107 ob
905 1070 1100 1116 singulare
1135 1070 1292 1119 aliquod
1328 1072 1474 1108 sactum

129 1133 364 1179 Scytharum
389 1134 536 1169 mentio
563 1135 667 1170 facta
695 1135 776 1182 est,
814 1132 884 1169 sed
918 1131 1023 1180 quod
1056 1132 1141 1168 noti
1176 1134 1216 1168 et
1250 1134 1312 1168 sat
1346 1133 1473 1170 odiosi

127 1194 261 1230 hostes
290 1196 434 1231 essent.
488 1194 547 1231 Ita
575 1206 608 1231 a.
638 1195 724 1231 727.
762 1194 845 1230 sine
873 1194 951 1230 ullo
979 1194 1132 1230 delectu
1160 1194 1317 1241 scripsit
1343 1195 1405 1231 od.
1436 1196 1471 1244 l,

127 1255 189 1293 35.
218 1257 275 1293 9.:
313 1257 400 1306 „Te
435 1257 566 1293 Dacus
594 1268 732 1306 asper,
761 1259 800 1292 te
823 1254 990 1304 profuyi
1013 1256 1185 1305 Scythae
1212 1250 1474 1309 (metuunt).”

228 1317 474 1353 GARMEN
498 1318 605 1354 XX.
636 1319 756 1369 „Vile
777 1319 964 1365 potabisv
990 1317 1370 1366 quantulumcunque
1398 1321 1472 1369 est,

126 1379 286 1416 unicum
311 1382 443 1416 tamen
470 1380 651 1417 solatium
678 1381 836 1428 solaque
863 1390 989 1428 paene
1018 1391 1108 1428 spes
1136 1391 1269 1416 eorum
1297 1382 1377 1430 est,
1405 1381 1472 1429 qui

127 1453 216 1478 suas
243 1443 462 1491 temporum
489 1443 798 1490 computationes
824 1441 983 1488 infringi
1011 1441 1198 1489 paulatim
1225 1443 1264 1477 et
1291 1452 1472 1478 corruere

126 1503 313 1540 sentiunt.
366 1505 452 1541 Hoc
479 1505 583 1540 enim
608 1508 719 1541 meae
737 1503 882 1540 rationi
909 1505 1043 1551 aperte
1063 1503 1262 1540 adversari
1289 1503 1470 1554 clamant,

124 1565 270 1613 quippe
298 1565 402 1613 quod
428 1565 633 1602 evidenter
659 1577 692 1602 a.
721 1565 808 1602 735.
845 1568 1047 1602 exaratum
1081 1565 1133 1601 sit
1160 1561 1237 1617 (cf.
1273 1565 1468 1601 Vanderb.

122 1626 154 1664 I.
182 1638 220 1675 p.
249 1626 325 1663 316
353 1637 432 1676 sq.,
468 1627 626 1663 Kirelm.
665 1630 814 1675 quaest.
851 1638 889 1674 p.
925 1628 961 1663 9.
999 1625 1036 1677 ξ.
1073 1627 1133 1663 20.
1171 1638 1208 1674 p.
1237 1627 1297 1663 31.
1327 1624 1363 1676 ξ.
1393 1627 1469 1676 57.,

122 1688 258 1735 Lange
284 1689 326 1725 in
352 1688 478 1725 annal.
508 1689 592 1725 crit.
620 1689 790 1726 Berolin.
820 1689 929 1725 1835.
949 1688 1024 1724 vol.
1040 1688 1089 1725 ΙΙ.
1110 1699 1148 1736 p.
1169 1683 1291 1740 861.).
1322 1688 1355 1725 O
1370 1688 1470 1724 male

123 1750 298 1800 feriatos,
326 1750 490 1798 impium
514 1750 634 1787 lenite
655 1750 882 1788 clamorem!
908 1751 998 1788 Non
1017 1750 1200 1798 equidem
1227 1761 1313 1786 cum
1339 1750 1470 1786 Peerl-

122 1812 284 1860 kampio
311 1811 474 1849 odarion
508 1812 740 1858 abjudicabo
775 1812 940 1849 Horatio
968 1807 1045 1864 (cf.
1082 1811 1180 1847 Lud.
1216 1811 1399 1848 Doederl.
1427 1811 1469 1847 in

121 1873 224 1910 Mus.
252 1873 376 1910 Rhen.
406 1885 439 1910 a.
470 1874 579 1910 1837.
607 1875 700 1911 fasc.
730 1875 765 1910 4.
793 1885 831 1921 p.
860 1873 946 1909 598.
975 1876 1015 1908 et
1040 1868 1147 1923 99.),
1184 1874 1225 1908 at
1250 1872 1372 1909 libere
1399 1884 1467 1922 pa-

122 1935 325 1985 tefaciam,
354 1946 469 1983 quam
495 1935 636 1971 misere
663 1935 839 1983 plerique
867 1934 1054 1971 calculum
1082 1933 1351 1970 subduxerint.

222 1997 408 2034 Horatius
435 1996 676 2046 Maecenati,
705 2007 822 2045 quem
847 1997 1011 2032 noverat
1037 1996 1142 2044 apud
1168 2007 1210 2032 se
1237 1995 1280 2031 in
1305 1995 1467 2044 praedio

122 2059 266 2096 Sabino
285 2061 537 2096 coenaturum
550 2059 612 2095 vel
629 2059 760 2106 potius
776 2058 991 2095 bibiturum
1008 2068 1109 2106 esse,
1128 2057 1341 2105 potandum
1354 2058 1468 2106 polli-

121 2122 233 2158 cetur
273 2123 353 2158 vile
384 2121 585 2158 Sabinum
620 2131 667 2156 eo
703 2130 804 2157 anno
840 2131 864 2156 a
898 2130 940 2156 se
976 2119 1195 2169 conditum,
1241 2130 1317 2167 quo
1352 2121 1390 2157 ei
1423 2120 1466 2157 in

121 2182 276 2219 theatro
302 2182 463 2231 plausus
490 2182 604 2219 datus
633 2183 694 2219 sit.
738 2181 861 2230 Atqui
879 2180 1091 2218 honorifica
1117 2181 1190 2218 hac
1207 2181 1313 2227 vulgi
1331 2181 1465 2218 obser-

121 2244 256 2280 vantia
288 2245 498 2281 Maecenas
534 2244 696 2281 affectus
731 2245 792 2280 est
828 2243 966 2280 eodem
1000 2253 1124 2292 anno,
1165 2253 1242 2290 quo
1276 2243 1463 2280 Horatius

122 2305 273 2342 arboris
300 2316 392 2342 casu
426 2306 469 2342 in
504 2317 696 2342 summum
728 2305 833 2342 vitae
870 2305 1078 2341 discrimen
1112 2304 1241 2354 venit,
1276 2307 1321 2341 ut
1355 2307 1464 2353 patet

123 2376 145 2401 e
179 2379 295 2405 carm.
330 2367 376 2417 2,
414 2367 472 2404 17.
508 2367 694 2404 21—30.
754 2368 840 2404 Hoc
874 2368 1005 2403 autem
1039 2365 1314 2416 infortunium,
1352 2366 1462 2412 cujus

123 2431 259 2475 quater
283 2429 462 2466 meminit
486 2432 604 2477 poeta
629 2425 768 2482 (carm.
797 2428 834 2477 2,
854 2428 913 2464 13.
933 2428 970 2477 2,
991 2427 1036 2464 17
1046 2452 1054 2462 .
1071 2428 1108 2478 3,
1136 2428 1171 2465 4.
1191 2428 1252 2464 27.
1273 2429 1312 2464 et
1329 2427 1365 2476 3,
1386 2422 1460 2479 8.),

123 2499 327 2528 unoanno
353 2493 444 2528 ante
472 2490 615 2528 accidit
642 2501 758 2539 quam
785 2489 1020 2526 scriberetur
1038 2500 1152 2526 carm.
1181 2490 1219 2539 3,
1238 2489 1296 2525 8.:
1315 2489 1460 2538 „Mar-

120 2551 187 2587 tiis
211 2553 402 2590 caelebs».
452 2553 557 2599 Ergo
593 2552 627 2588 si
660 2551 776 2599 hujus
810 2551 908 2588 odae
935 2561 1079 2588 annum
1104 2551 1272 2588 natalem
1298 2548 1458 2585 investi-

122 2611 289 2663 gaveris,
316 2614 429 2650 simul
453 2614 613 2652 inventa
631 2616 691 2652 est
707 2616 816 2651 aetas
835 2612 897 2651 od.
917 2613 954 2663 2,
976 2613 1034 2651 13.
1085 2614 1192 2662 „Ille
1217 2616 1256 2650 ec
1271 2608 1459 2658 nefasto''
