1643 2959
683 215 964 259 —137—

155 331 217 365 tus
252 328 293 364 et
326 326 504 364 hostibus
529 326 761 365 metuendus
795 328 899 366 inter
923 338 995 365 nos
1022 328 1267 365 commoreris
1296 322 1410 380 (usq.
1438 328 1488 365 ad

153 387 260 443 fin.)!
286 410 336 418 —
386 389 433 427 In
466 389 527 426 his
560 400 622 425 me
664 389 775 426 vides
819 401 906 427 cum
939 389 1217 438 interpretibus
1253 389 1489 438 consentire,
1545 390 1551 391 ’

153 451 231 489 nisi
245 450 349 499 quod
365 453 527 488 naturae
542 450 719 499 prodigia
746 447 803 503 (v.
824 448 998 503 1—20.)
1020 462 1099 487 non
1123 453 1276 488 indicia
1299 451 1489 487 bellorum

153 512 326 550 civilium
353 512 422 549 sed
447 514 691 560 suppliciam
716 514 912 550 Romanis
946 515 1088 550 datum
1113 512 1162 549 ab
1189 513 1350 549 Horatio
1375 512 1489 549 intel-

152 574 254 611 lecta
280 586 367 611 esse
393 576 500 623 puto.
553 575 663 611 Hane
687 573 1050 622 interpretationem
1084 573 1204 610 solam
1239 585 1324 610 esse
1358 585 1490 611 veram

153 635 321 684 probant
345 647 402 672 vs.
441 636 485 672 17
517 645 596 684 sq.,
631 635 673 671 in
709 635 848 683 quibus
875 636 1029 672 Tiberis
1064 636 1188 672 amnis
1216 635 1358 672 dicitur
1383 638 1491 673 ultor

154 697 288 734 uxoris
317 708 409 733 suae
435 696 530 733 Iliae
559 697 641 732 sive
668 697 800 733 Rheae
817 697 958 733 Silviae
974 695 1033 748 ¹),
1060 707 1161 744 quae
1187 707 1322 732 necem
1351 697 1492 734 Caesa-

153 759 208 796 ris
244 758 398 805 cognati
432 758 493 794 sui
525 757 694 804 lugebat.
754 757 876 805 quue
916 758 1037 805 probe
1073 757 1348 794 intellexerunt
1374 759 1492 795 Scho-

152 820 313 868 liastae,
341 829 505 867 quorum
521 818 657 855 Aaron
674 818 724 853 ad
740 829 777 854 v.
800 818 856 854 1.:
885 819 955 867 „C.
987 819 1165 854 Caesaris
1185 821 1348 855 mortem
1375 820 1492 865 signi-

151 881 259 930 fieat,
287 890 364 927 quo
390 880 432 916 in
459 881 598 915 senatu
624 878 752 915 occiso
791 879 981 926 plurimae
1008 880 1283 928 tempestates,
1311 880 1423 916 nives
1453 884 1493 917 et

152 941 360 989 grandines
387 942 565 991 fuerunt,
602 951 677 989 quo
704 942 880 988 tempore
908 942 948 976 et
974 940 1226 977 inundatione
1254 941 1407 979 Tiberis
1436 942 1492 978 di-

152 1003 254 1041 eitur
278 1003 402 1040 Roma
426 1003 647 1053 laborasse,
675 1005 785 1051 quod
806 1006 969 1050 propter
991 1002 1206 1040 Caesarem
1230 1005 1274 1039 in
1300 1004 1493 1042 honorem

151 1065 329 1114 Auyuscz·
358 1066 567 1114 Caesaris,
594 1066 738 1102 ultoris
763 1063 874 1112 ejus,
909 1065 996 1101 vult
1017 1062 1175 1110 factam
1201 1067 1338 1102 videri.
1392 1066 1492 1102 Nam

154 1126 202 1163 de
237 1127 324 1175 ipso
359 1128 399 1162 et
432 1127 537 1173 Virg.
567 1122 718 1178 (eclog.
757 1126 779 1161 5
785 1154 799 1174 ,
835 1122 949 1177 20.):
984 1127 1247 1163 Eas-tinctum
1281 1128 1494 1176 Nymphae

151 1190 308 1226 crudele·
328 1185 477 1234 funere
493 1189 691 1236 Daphnin
703 1187 872 1237 flebant,
892 1190 931 1223 et
948 1187 1040 1223 alibi
1059 1183 1225 1239 (Georg.
1248 1188 1282 1237 1,
1301 1189 1374 1224 466
1390 1185 1492 1242 sq.):

151 1251 228 1288 Ille
261 1252 385 1301 etjam
424 1251 624 1287 exstincto
662 1252 880 1287 miseratus
925 1249 1101 1286 Caesare
1139 1250 1324 1286 Romam.
1385 1251 1492 1288 Haec

152 1312 256 1348 enim
282 1311 412 1348 onmia
439 1311 463 1347 i.
493 1322 523 1349 e.
555 1311 734 1360 fulmina,
773 1310 1026 1360 grandinem,
1055 1310 1191 1347 diluvii
1208 1313 1353 1348 metum
1380 1312 1492 1349 intel-

152 1374 258 1424 ligit,
293 1373 377 1410 vult
409 1375 630 1411 vindictam
669 1373 856 1411 Caesaris
891 1372 1050 1409 fuisse.⁷'
1076 1393 1126 1401 —
1177 1373 1346 1420 Porph.:
1376 1376 1493 1423 „post

242 1538 280 1580 1)
305 1539 363 1569 Ilia
386 1539 456 1570 sive
478 1539 571 1570 Rhea
595 1540 698 1571 Silvia
721 1540 782 1571 hoc
805 1542 930 1571 tantum
954 1540 1024 1572 loco
1049 1543 1081 1571 et
1097 1539 1184 1581 apud
1208 1540 1377 1572 Claudian.
1403 1549 1491 1572 cons.

153 1583 251 1615 Proh.
275 1584 350 1615 224.
375 1592 456 1614 uxor
480 1583 610 1615 Tiberis
635 1584 784 1624 fingitur,
809 1586 904 1626 vulgo
930 1585 1074 1616 Anienis.
1121 1584 1243 1617 Acron
1277 1585 1327 1616 ad.
1354 1596 1384 1615 v.
1408 1594 1492 1615 uxo-

153 1629 220 1660 rius
243 1629 377 1660 amnis.:
403 1628 577 1666 „diversae
602 1629 642 1660 de
667 1631 724 1660 Ilia
748 1634 915 1670 poetarum
939 1631 1105 1670 opiniones
1130 1634 1221 1667 sunt:
1246 1639 1317 1660 nam
1342 1630 1400 1660 Ilia
1422 1640 1493 1661 ma-

152 1677 204 1706 ter
227 1674 288 1705 suit
319 1674 463 1711 Romuli,
495 1683 589 1714 quem
621 1683 661 1705 ex
694 1675 801 1706 Marte
833 1676 993 1715 suscepit,
1026 1684 1108 1715 quae
1139 1678 1265 1706 mortua
1295 1676 1422 1715 sepulta
1452 1676 1494 1706 ad

152 1719 256 1760 ripam
286 1718 418 1749 Anienis
451 1718 539 1749 tlux-ii
574 1719 710 1757 dicitur,
744 1720 796 1761 qui
828 1721 858 1750 in
893 1719 1035 1751 Tiberim
1061 1720 1147 1751 cadit
1172 1723 1205 1750 et
1229 1721 1303 1760 quia
1327 1720 1493 1751 abundans

152 1764 246 1804 aquis
270 1763 351 1794 Anio
377 1764 503 1794 cineres
529 1764 607 1795 Iliae
631 1765 662 1795 in
687 1764 832 1796 Tiberim
857 1765 1008 1803 deduxit,
1041 1766 1088 1795 ita
1112 1765 1200 1795 dicta
1225 1768 1274 1795 est
1298 1765 1356 1795 Ilia
1381 1765 1492 1795 Tiberi

152 1809 320 1849 nupsisse,
346 1810 379 1839 et
401 1809 475 1840 ideo
500 1808 582 1840 dixit
604 1811 754 1842 amorius
777 1811 912 1847 amnis,
937 1811 989 1850 qui
1007 1819 1041 1840 se
1059 1809 1100 1840 ad
1119 1811 1187 1849 ejus
1204 1810 1364 1849 querelam
1385 1810 1493 1849 jacta-

153 1856 204 1885 ret
227 1853 373 1885 ultorem.
420 1854 482 1886 Alii
507 1854 632 1891 dieunt,
658 1855 744 1894 quod
767 1856 838 1895 ipsa
862 1855 921 1884 Ilia
944 1855 1058 1884 Anieni
1092 1855 1256 1894 nupserit,
1281 1863 1353 1885 nam
1377 1858 1494 1894 poetae

153 1898 244 1930 multi
268 1898 328 1929 hoc
351 1899 506 1930 sentiunt.
554 1899 621 1930 Sed
644 1899 798 1930 Horatius
822 1902 857 1929 ut
874 1899 986 1929 Tiberi
1011 1899 1065 1929 det
1089 1908 1222 1930 caussas
1238 1900 1408 1937 irascendi,
1432 1899 1493 1930 Ti—

153 1943 242 1974 beris
273 1944 376 1984 magis
409 1943 492 1974 dixit
515 1953 659 1974 uxorem.
715 1944 855 1974 Uxorius
889 1944 972 1974 enim
1010 1944 1128 1975 dicitur
1159 1945 1250 1974 uxori
1283 1944 1428 1982 deditus,
1459 1948 1494 1975 ut

153 1988 245 2029 Virg.
281 1988 387 2027 (Aen.
423 1989 462 2025 4,
499 1989 616 2029 266.):
654 1989 912 2030 pulchramque
947 1990 1096 2020 amorius
1133 1988 1255 2020 urbem
1294 1988 1493 2022 eoestrues.''

153 2033 335 2074 Porphyr.
359 2033 412 2064 ad.
437 2044 468 2064 v.
493 2034 548 2064 17.
588 2034 669 2072 „Ilia
704 2035 853 2065 auctore
884 2033 1001 2065 Ennio
1032 2034 1065 2065 in
1096 2043 1220 2064 amnem
1245 2034 1379 2065 Tiberin
1399 2036 1492 2074 jussu

153 2078 269 2109 Amulii
294 2079 379 2119 regis
403 2078 597 2110 Albanorum
622 2080 837 2120 praecipitata
862 2082 922 2109 est.
969 2079 1073 2110 Antea
1099 2080 1180 2110 enim
1197 2079 1310 2110 Anieni
1328 2080 1493 2110 matrimo-

153 2123 206 2154 nio
225 2123 357 2163 juncta,
381 2126 479 2164 atque
504 2124 555 2155 bic
578 2125 733 2164 loquitur,
759 2124 850 2164 quasi
868 2123 979 2155 Tiberi
1003 2125 1109 2165 potius
1126 2125 1282 2165 nupserit.
1330 2125 1496 2163 Querenti

153 2171 264 2199 autem
287 2168 368 2200 Iliae
391 2168 524 2200 caedem
549 2169 700 2200 Caesaris
723 2169 996 2209 intelligendum.''
1042 2169 1168 2203 (Schol.
1191 2169 1278 2201 Aer.
1306 2170 1347 2200 ad
1364 2180 1394 2201 v.
1411 2178 1493 2212 que—

151 2214 270 2246 renti:
294 2214 466 2254 „querelas
489 2214 576 2255 apud
599 2225 635 2245 se
660 2214 832 2255 deponenti
857 2215 897 2245 de
920 2217 1022 2245 morte
1046 2215 1216 2251 Caesaris,
1248 2214 1383 2246 hominis
1415 2225 1494 2246 suae

153 2258 334 2299 originis.”)
358 2277 403 2282 —
425 2260 529 2291 Serv.
553 2259 595 2290 ad
618 2259 707 2300 Virg.
731 2260 810 2290 Aen.
836 2258 874 2297 1,
899 2260 991 2291 273.:
1016 2259 1179 2297 „Amulius
1204 2261 1236 2289 et
1253 2260 1402 2291 Numitor
1425 2261 1493 2291 fra—

153 2306 220 2335 tres
251 2303 381 2334 suerunt
413 2303 485 2344 [filii
518 2304 669 2346 Procae}
722 2304 864 2335 Amulius
896 2307 1005 2336 autem
1036 2305 1169 2335 fratrem
1208 2305 1341 2345 imperio
1373 2306 1493 2346 pepulit

156 2350 189 2379 et
210 2347 310 2380 filium
335 2350 405 2389 eJus
429 2350 575 2387 necavit3
599 2349 698 2380 filiam
721 2359 800 2381 vero
823 2350 913 2380 Iliam
944 2350 1066 2381 Vestae
1098 2353 1299 2381 sacerdotem
1331 2351 1425 2387 fecit,
1458 2353 1493 2381 ut

156 2403 245 2433 spem
275 2394 396 2425 sobolis
427 2394 588 2431 auferret,
620 2404 640 2425 a
672 2404 734 2435 qua
765 2405 801 2425 se
832 2395 937 2434 puniri
961 2405 1057 2436 posse
1081 2398 1287 2435 cognoverat.
1333 2395 1433 2431 Haec,
1458 2398 1493 2426 ut

156 2438 245 2468 multi
268 2438 395 2477 dicunt,
421 2449 491 2470 cum
514 2442 642 2480 peteret
665 2449 767 2479 aquas
790 2438 833 2469 ad
855 2449 967 2477 sacra,
992 2440 1158 2480 repentino
1176 2450 1310 2471 occursu
1334 2441 1397 2480 lupi
1421 2443 1492 2470 tur-

156 2482 235 2512 bata
256 2484 375 2525 refugit
398 2484 429 2516 in
454 2485 656 2525 speluncam,
681 2485 712 2515 in
738 2494 801 2525 qua
824 2493 844 2514 a
866 2484 972 2515 Marte
1004 2494 1187 2525 compressa
1211 2488 1277 2522 est,
1310 2486 1393 2515 unde
1423 2485 1491 2515 nati

157 2529 232 2557 sunt
253 2527 373 2560 Remus
396 2532 429 2560 et
452 2530 624 2562 Romulus:
655 2539 734 2570 quos
767 2539 838 2560 cum
868 2533 970 2560 matre
991 2530 1135 2561 Amulius
1163 2530 1262 2570 jussit
1285 2529 1490 2569 praecipitari

158 2572 190 2602 in
214 2570 368 2604 Tiberim.
414 2573 508 2613 Tum,
540 2577 576 2605 ut
599 2574 728 2616 quidam
760 2574 886 2612 dieunt,
918 2575 1008 2606 Iliam
1039 2575 1100 2605 sibi
1124 2575 1224 2606 Anien
1249 2574 1326 2605 feeit
1349 2583 1490 2612 uxorem,

159 2619 193 2647 ut
216 2616 289 2653 alii,
313 2617 405 2650 inter
427 2626 513 2660 quos
536 2619 727 2662 Horatius,
754 2618 895 2652 Tiberis
903 2631 917 2659 ;
940 2620 1025 2651 unde
1050 2622 1114 2651 est:
1139 2619 1289 2651 uxorias
1312 2618 1465 2651 amnis.''
