1643 2959
707 228 996 270 ...203-

187 341 212 377 i.
241 351 274 376 e.
304 350 404 376 anno
432 338 515 374 738.
545 339 583 372 et
601 335 757 383 quidem
783 340 872 384 post
889 337 1190 374 celebrationem
1213 338 1392 377 ludorum
1408 340 1516 378 Acti-

186 412 362 449 aeorum,
399 400 436 435 h.
473 409 506 434 e.
541 400 632 445 post
667 397 703 433 d.
739 398 802 435 IV.
854 399 954 436 Non.
991 399 1096 446 Sept.
1126 394 1225 451 (Dio
1251 400 1322 450 54,
1357 402 1416 439 19.
1450 402 1513 438 fin.

184 463 355 500 Masson.
383 459 474 496 ,Iani
499 458 630 506 templ.
658 462 818 496 reserat.
846 471 884 508 p.
913 456 1043 512 174.),
1079 462 1210 497 coorta
1235 461 1392 509 quidem
1415 463 1517 500 bella

184 524 273 561 huic
301 520 530 569 profectioni
548 520 819 570 praetendens,
846 533 983 558 revera
997 524 1147 571 tamen,
1176 522 1208 558 si
1222 522 1318 559 fides
1339 522 1518 561 habenda

184 584 303 623 Dioni
331 582 465 620 Cassio
492 582 515 618 l.
549 581 596 631 1.,
632 581 738 629 quod
770 585 931 631 propter
966 583 1188 620 diuturnam
1221 586 1262 620 et
1290 586 1518 632 perpetuam

183 645 446 694 praesentiam
471 643 673 691 permultis
701 655 742 680 se
767 645 975 681 molestum
1000 645 1245 693 invisumque
1262 646 1406 682 factum
1431 652 1519 682 es'se

182 707 304 756 probe
331 705 574 751 intelligeret.
625 705 798 742 Fuerunt
832 705 950 742 etiam
984 706 1050 754 qui
1084 709 1292 755 propterea
1316 717 1406 743 eum
1430 706 1520 743 reli-

183 769 316 817 quisse
343 767 480 804 urbem
506 766 816 817 suspicarentur,
844 770 887 803 ut
914 779 960 804 eo
986 768 1146 804 liberius
1165 767 1371 806 Terentiae
1398 768 1522 804 amori

183 832 318 879 posset
343 828 568 878 indulgere,
605 828 653 864 de
689 839 765 876 qua
798 839 841 864 re
876 829 987 864 multi
1021 829 1167 866 Romae
1192 840 1368 867 rumores
1395 829 1522 878 sparsi

184 894 306 929 erant.
358 891 543 927 Poterant
569 900 662 926 sane
689 890 782 925 talia
807 901 1035 937 permovere
1062 892 1302 940 Augustum,
1329 893 1373 927 ut
1397 890 1522 928 Roma

183 953 310 990 abiret
333 973 385 980 —
409 962 500 987 nam
525 951 613 987 ficta
640 961 686 986 ea
721 962 806 986 esse
842 953 882 986 et
915 952 1012 987 falsa
1037 952 1178 997 iniuria
1204 952 1350 989 dixeris
1375 973 1426 979 —
1452 951 1523 988 sed

182 1014 367 1063 primaria
392 1014 523 1048 tamen
549 1010 701 1046 itineris
728 1022 866 1047 caussa
891 1011 997 1047 haud
1023 1011 1140 1048 dubie
1168 1023 1215 1048 ea
1241 1015 1345 1062 erat,
1372 1015 1416 1049 ut
1441 1016 1522 1049 tur-

181 1076 361 1112 bulentos
389 1071 713 1119 transalpinarum
740 1072 912 1118 gentium
937 1074 1064 1109 motus
1092 1076 1301 1110 coerceret.
1352 1074 1453 1111 Nam
1478 1077 1522 1110 ut

183 1136 295 1174 multi
330 1135 488 1171 omnino
528 1144 574 1170 eo
610 1133 795 1180 temporis
837 1136 963 1170 tractu
1003 1137 1137 1171 contra
1177 1135 1372 1172 Romanos
1413 1145 1522 1172 arma

184 1198 429 1246 sumpserant
462 1193 560 1247 (Dio
596 1195 665 1243 54,
701 1190 806 1246 20.):
842 1195 897 1231 ita
930 1196 1141 1232 maximum
1175 1199 1215 1232 et
1249 1196 1521 1242 gravissimum

182 1261 327 1297 bellum
362 1258 548 1294 adversus
585 1258 798 1293 Germanos
834 1256 1047 1302 gerendum
1081 1260 1176 1294 erat.
1236 1257 1358 1305 quue
1391 1258 1518 1306 ipsum

182 1323 258 1359 Dio
287 1332 328 1356 se
357 1319 551 1365 corrigens
579 1318 620 1354 in
654 1329 791 1354 caussa
825 1318 944 1354 fuisse
980 1318 1095 1367 dicit,
1130 1320 1174 1354 ut
1198 1319 1398 1365 Augustus
1424 1319 1521 1356 urbe

183 1383 336 1420 abierit.
387 1381 602 1430 Syyambri
636 1380 741 1416 enim
785 1379 974 1426 Usipelae
1007 1382 1048 1415 et
1075 1380 1283 1417 Tenchteri
1315 1391 1402 1417 cum
1438 1381 1520 1427 jam

182 1447 298 1482 antea
332 1444 525 1480 Romanos
562 1440 749 1489 quosdam
785 1441 864 1477 suis
899 1441 941 1477 in
966 1441 1105 1477 finibus
1134 1441 1398 1490 deprehensos
1417 1442 1521 1479 cruci

182 1506 419 1554 affixissent,
455 1506 538 1539 tum
571 1503 750 1539 Rhenum
785 1503 1018 1549 transgressi
1053 1502 1218 1540 Galliam
1258 1503 1519 1553 devastarant,

182 1568 398 1616 equitatum
423 1566 640 1602 Romanum
667 1566 800 1601 contra
827 1576 868 1600 se
896 1565 1057 1601 missum
1074 1576 1145 1612 per
1171 1565 1334 1602 insidias
1360 1565 1520 1602 circum-

183 1631 372 1665 venerant
389 1629 428 1663 et
447 1638 469 1662 a
487 1626 724 1672 fugientibus
752 1637 874 1674 usque
892 1626 941 1662 ad
958 1626 1124 1662 Lollium
1142 1627 1382 1674 praefectum
1407 1637 1523 1675 prae-

182 1694 243 1727 ter
269 1689 491 1737 opinionem
519 1687 632 1723 tracti
660 1687 761 1724 hunc
781 1698 933 1734 quoque
950 1688 1136 1723 vicerant.
1165 1687 1274 1730 Quae
1287 1687 1413 1735 turpis
1430 1687 1520 1724 Lol-

180 1752 224 1790 lii
250 1750 401 1799 clades,
430 1760 506 1796 qua
532 1749 690 1796 quintae
716 1749 878 1795 legionis
913 1748 1042 1796 aquila
1076 1749 1220 1785 amissa
1254 1752 1314 1785 est
1340 1745 1417 1802 (ef.
1442 1749 1520 1786 Dio

182 1815 244 1863 54,
272 1813 333 1848 20.
359 1810 455 1848 Vell.
484 1810 521 1860 2,
549 1811 609 1846 97.
637 1811 727 1847 Tac.
755 1812 856 1846 Anu.
887 1811 921 1859 1,
951 1806 1054 1863 10.)‚
1090 1810 1243 1847 etiamsi
1277 1810 1436 1857 majoris
1461 1810 1519 1846 in-

183 1875 322 1912 famiae
351 1883 465 1921 quam
493 1871 715 1908 detrimenti
743 1875 868 1921 esset,
896 1873 939 1908 ut
965 1871 1020 1908 ait
1047 1872 1204 1908 Sueton.
1233 1871 1317 1909 Oct.
1343 1871 1418 1922 23.‚
1448 1871 1520 1908 im-

183 1937 281 1984 pulit
308 1939 438 1972 tamen
465 1935 703 1982 Augustum,
731 1936 774 1970 ut
800 1934 896 1970 istos
931 1934 1094 1981 populos
1129 1934 1316 1970 citissime
1342 1933 1427 1981 ipse
1454 1943 1520 1980 ag—

183 1997 419 2044 grederetur.
471 1995 606 2044 Neque
634 1998 765 2032 tamen
791 2007 889 2043 opus
925 1998 1008 2032 erat
1037 2006 1177 2043 pugna.
1231 1996 1331 2032 Nam
1364 1994 1519 2031 barbari

182 2061 226 2095 ut
252 2059 417 2095 Lollium
444 2069 551 2094 arma
576 2068 713 2106 parare
741 2060 780 2094 et
814 2058 1032 2104 Augustum
1068 2068 1154 2094 cum
1180 2057 1353 2093 exercitu
1379 2065 1519 2104 appro-

183 2121 372 2168 pinquare
409 2122 693 2168 coguoverunt,
728 2119 771 2155 in
804 2121 947 2155 terram
983 2130 1092 2155 suam
1118 2117 1352 2155 recedebant
1379 2119 1418 2152 et
1443 2115 1518 2152 ob—

184 2181 332 2217 sidibus
361 2181 460 2217 datis
487 2191 623 2228 pacem
657 2180 962 2228 paciscebantur.
1002 2173 1122 2216 'Haec
1147 2178 1277 2214 omnia
1301 2179 1402 2213 facta
1428 2180 1519 2213 sunt

185 2241 255 2278 sub
283 2243 397 2278 finem
431 2242 523 2278 amii
558 2241 641 2277 738.
702 2242 802 2278 Nam
835 2242 1034 2286 Augustus
1075 2238 1234 2286 reliquis
1276 2237 1393 2274 rebus
1427 2248 1517 2274 con-

184 2303 390 2340 stituendis
418 2304 590 2339 intentus
617 2307 844 2340 extremam
870 2303 970 2338 anni
999 2301 1101 2337 738.
1129 2304 1287 2347 partem
1322 2301 1362 2335 et
1386 2299 1517 2347 proxi-

183 2375 289 2400 mum
315 2365 574 2414 consumpsit,
602 2375 688 2401 cum
715 2365 755 2399 et
780 2375 803 2399 a
823 2361 1024 2399 Germanis
1052 2363 1092 2397 et
1110 2371 1132 2397 a
1149 2360 1338 2409 Licinnio,
1368 2360 1517 2397 Galliae

183 2428 455 2474 procuratore,
483 2426 602 2462 multa
629 2425 832 2462 commissa
859 2426 1010 2472 essent,
1045 2424 1226 2459 narrante
1252 2421 1379 2459 Dione
1408 2422 1515 2458 Cass.

183 2488 245 2536 54,
273 2487 334 2524 21.
388 2487 629 2534 Quamquam
653 2486 772 2532 igitur
798 2496 876 2533 pax
902 2495 988 2521 eum
1016 2483 1218 2520 Germanis
1245 2493 1278 2520 a.
1306 2482 1390 2519 738.
1415 2483 1517 2526 facta

183 2559 262 2585 non
288 2548 330 2585 id
356 2547 549 2585 effecissse
577 2547 752 2597 videtur,
779 2549 822 2582 ut
848 2556 981 2582 omnes
1008 2544 1136 2581 ubivis
1152 2546 1279 2580 motus
1305 2542 1518 2591 compressi

182 2610 328 2651 fuerint
354 2610 555 2648 continuo:
582 2607 749 2646 reditum
775 2611 904 2645 tamen
931 2605 1095 2654 Augusti
1121 2605 1321 2655 probabile
1347 2606 1407 2643 est
1433 2603 1516 2650 jam
