<?xml version="1.0" encoding="UTF-8"?>
<!DOCTYPE html PUBLIC "-//W3C//DTD XHTML 1.0 Transitional//EN"
    "http://www.w3.org/TR/xhtml1/DTD/xhtml1-transitional.dtd">
<html xmlns="http://www.w3.org/1999/xhtml" xml:lang="en" lang="en">
 <head>
  <title>
</title>
<meta http-equiv="Content-Type" content="text/html;charset=utf-8" />
  <meta name='ocr-system' content='tesseract 3.04.00' />
  <meta name='ocr-capabilities' content='ocr_page ocr_carea ocr_par ocr_line ocrx_word'/>
</head>
<body>
  <div class='ocr_page' id='page_1' title='image "./fastihoratianiac00franuoft_0216.png"; bbox 0 0 1643 2959; ppageno 0'>
   <div class='ocr_carea' id='block_1_1' title="bbox 668 220 944 260">
    <p class='ocr_par' dir='ltr' id='par_1_1' title="bbox 668 220 944 260">
     <span class='ocr_line' id='line_1_1' title="bbox 668 220 944 260; baseline 0.004 -13"><span class='ocrx_word' id='word_1_1' title='bbox 668 220 944 260; x_wconf 68' lang='lat'><strong>-205—</strong></span> 
     </span>
    </p>
   </div>
   <div class='ocr_carea' id='block_1_2' title="bbox 144 326 1480 813">
    <p class='ocr_par' dir='ltr' id='par_1_2' title="bbox 149 326 1477 501">
     <span class='ocr_line' id='line_1_2' title="bbox 245 326 1477 381; baseline 0.005 -15"><span class='ocrx_word' id='word_1_2' title='bbox 245 327 535 366; x_wconf 68' lang='lat' dir='ltr'>nrxsvom</span> <span class='ocrx_word' id='word_1_3' title='bbox 558 326 731 363; x_wconf 77' lang='lat' dir='ltr'><strong>XVIII·</strong></span> <span class='ocrx_word' id='word_1_4' title='bbox 765 329 842 378; x_wconf 70' lang='lat' dir='ltr'>„Si</span> <span class='ocrx_word' id='word_1_5' title='bbox 859 330 959 367; x_wconf 81' lang='lat' dir='ltr'><strong><em>bene</em></strong></span> <span class='ocrx_word' id='word_1_6' title='bbox 975 334 1013 375; x_wconf 74' lang='lat' dir='ltr'>ce</span> <span class='ocrx_word' id='word_1_7' title='bbox 1028 332 1150 368; x_wconf 65' lang='lat' dir='ltr'>now&gt;</span> <span class='ocrx_word' id='word_1_8' title='bbox 1175 335 1308 381; x_wconf 80' lang='lat' dir='ltr'>aperte</span> <span class='ocrx_word' id='word_1_9' title='bbox 1335 343 1477 372; x_wconf 88' lang='lat' dir='ltr'>annum</span> 
     </span>
     <span class='ocr_line' id='line_1_3' title="bbox 149 388 895 438; baseline -0.003 -8"><span class='ocrx_word' id='word_1_10' title='bbox 149 393 231 430; x_wconf 85' lang='grc'><strong>734.</strong></span> <span class='ocrx_word' id='word_1_11' title='bbox 259 392 426 429; x_wconf 86' lang='lat' dir='ltr'>natalem</span> <span class='ocrx_word' id='word_1_12' title='bbox 452 388 583 437; x_wconf 83' lang='lat' dir='ltr'>prodit</span> <span class='ocrx_word' id='word_1_13' title='bbox 608 389 649 426; x_wconf 86' lang='lat' dir='ltr'>in</span> <span class='ocrx_word' id='word_1_14' title='bbox 676 402 711 426; x_wconf 84' lang='lat' dir='ltr'>v.</span> <span class='ocrx_word' id='word_1_15' title='bbox 740 390 788 426; x_wconf 89' lang='grc'>56</span> <span class='ocrx_word' id='word_1_16' title='bbox 816 401 895 438; x_wconf 89' lang='lat' dir='ltr'>sq.:</span> 
     </span>
     <span class='ocr_line' id='line_1_4' title="bbox 543 452 1162 501; baseline 0.002 -12"><span class='ocrx_word' id='word_1_17' title='bbox 543 471 593 479; x_wconf 90' lang='lat'><em>-</em></span> <span class='ocrx_word' id='word_1_18' title='bbox 620 452 881 501; x_wconf 83' lang='lat' dir='ltr'>„Cantabrica</span> <span class='ocrx_word' id='word_1_19' title='bbox 907 452 1009 490; x_wconf 87' lang='lat' dir='ltr'>bella</span> <span class='ocrx_word' id='word_1_20' title='bbox 1038 453 1162 490; x_wconf 82' lang='lat' dir='ltr'>tulisti</span> 
     </span>
    </p>

    <p class='ocr_par' dir='ltr' id='par_1_3' title="bbox 345 512 1422 566">
     <span class='ocr_line' id='line_1_5' title="bbox 345 512 1422 566; baseline 0.007 -17"><span class='ocrx_word' id='word_1_21' title='bbox 345 513 422 550; x_wconf 91' lang='lat' dir='ltr'>Sub</span> <span class='ocrx_word' id='word_1_22' title='bbox 451 512 568 562; x_wconf 82' lang='lat' dir='ltr'>duce,</span> <span class='ocrx_word' id='word_1_23' title='bbox 595 514 667 562; x_wconf 80' lang='lat' dir='ltr'>qui</span> <span class='ocrx_word' id='word_1_24' title='bbox 692 516 849 562; x_wconf 81' lang='lat' dir='ltr'>templis</span> <span class='ocrx_word' id='word_1_25' title='bbox 874 515 1121 553; x_wconf 78' lang='lat' dir='ltr'><em>Parthorum</em></span> <span class='ocrx_word' id='word_1_26' title='bbox 1145 516 1267 564; x_wconf 76' lang='lat' dir='ltr'>siqua</span> <span class='ocrx_word' id='word_1_27' title='bbox 1289 516 1422 566; x_wconf 76' lang='lat' dir='ltr'>refiyit</span> 
     </span>
    </p>

    <p class='ocr_par' dir='ltr' id='par_1_4' title="bbox 144 574 1480 813">
     <span class='ocr_line' id='line_1_6' title="bbox 341 574 1404 629; baseline 0.003 -17"><span class='ocrx_word' id='word_1_28' title='bbox 341 577 462 612; x_wconf 79' lang='lat' dir='ltr'><em>Nunc</em></span> <span class='ocrx_word' id='word_1_29' title='bbox 489 577 528 610; x_wconf 82' lang='lat' dir='ltr'>et</span> <span class='ocrx_word' id='word_1_30' title='bbox 555 574 588 610; x_wconf 93' lang='lat' dir='ltr'>si</span> <span class='ocrx_word' id='word_1_31' title='bbox 615 574 708 622; x_wconf 86' lang='lat' dir='ltr'>quid</span> <span class='ocrx_word' id='word_1_32' title='bbox 735 575 846 612; x_wconf 84' lang='lat' dir='ltr'>abest</span> <span class='ocrx_word' id='word_1_33' title='bbox 871 576 980 613; x_wconf 87' lang='lat' dir='ltr'>Italis</span> <span class='ocrx_word' id='word_1_34' title='bbox 1008 576 1206 623; x_wconf 85' lang='lat' dir='ltr'>adjudicat</span> <span class='ocrx_word' id='word_1_35' title='bbox 1232 578 1404 629; x_wconf 84' lang='lat' dir='ltr'>armis.’&#39;,</span> 
     </span>
     <span class='ocr_line' id='line_1_7' title="bbox 145 637 1479 690; baseline 0.002 -15"><span class='ocrx_word' id='word_1_36' title='bbox 145 649 241 687; x_wconf 87' lang='lat' dir='ltr'>quos</span> <span class='ocrx_word' id='word_1_37' title='bbox 269 637 465 685; x_wconf 80' lang='lat' dir='ltr'>explicare</span> <span class='ocrx_word' id='word_1_38' title='bbox 494 647 825 684; x_wconf 78' lang='lat' dir='ltr'>supervacaneum</span> <span class='ocrx_word' id='word_1_39' title='bbox 852 640 922 673; x_wconf 79' lang='lat' dir='ltr'>cst.</span> <span class='ocrx_word' id='word_1_40' title='bbox 975 638 1072 674; x_wconf 86' lang='lat' dir='ltr'>Rem</span> <span class='ocrx_word' id='word_1_41' title='bbox 1103 638 1334 687; x_wconf 85' lang='lat' dir='ltr'>interpretes</span> <span class='ocrx_word' id='word_1_42' title='bbox 1362 651 1479 690; x_wconf 85' lang='lat' dir='ltr'>expo-</span> 
     </span>
     <span class='ocr_line' id='line_1_8' title="bbox 146 698 1480 749; baseline 0.001 -12"><span class='ocrx_word' id='word_1_43' title='bbox 146 702 326 749; x_wconf 85' lang='lat' dir='ltr'>suerunt,</span> <span class='ocrx_word' id='word_1_44' title='bbox 354 698 574 746; x_wconf 82' lang='lat' dir='ltr'>ubicunque</span> <span class='ocrx_word' id='word_1_45' title='bbox 600 698 733 735; x_wconf 78' lang='lat' dir='ltr'>Parthi</span> <span class='ocrx_word' id='word_1_46' title='bbox 758 699 800 735; x_wconf 90' lang='lat' dir='ltr'>in</span> <span class='ocrx_word' id='word_1_47' title='bbox 825 699 979 736; x_wconf 84' lang='lat' dir='ltr'>Horatii</span> <span class='ocrx_word' id='word_1_48' title='bbox 1005 698 1241 737; x_wconf 77' lang='lat' dir='ltr'>carminibus</span> <span class='ocrx_word' id='word_1_49' title='bbox 1266 711 1480 740; x_wconf 83' lang='lat' dir='ltr'>memoran-</span> 
     </span>
     <span class='ocr_line' id='line_1_9' title="bbox 144 759 1389 813; baseline 0.001 -14"><span class='ocrx_word' id='word_1_50' title='bbox 144 765 217 799; x_wconf 83' lang='lat' dir='ltr'>tur.</span> <span class='ocrx_word' id='word_1_51' title='bbox 272 763 316 798; x_wconf 87' lang='lat' dir='ltr'>cf.</span> <span class='ocrx_word' id='word_1_52' title='bbox 345 761 516 797; x_wconf 85' lang='lat' dir='ltr'>Masson.</span> <span class='ocrx_word' id='word_1_53' title='bbox 551 759 620 796; x_wconf 82' lang='lat' dir='ltr'>vit.</span> <span class='ocrx_word' id='word_1_54' title='bbox 656 771 694 808; x_wconf 91' lang='lat' dir='ltr'>p.</span> <span class='ocrx_word' id='word_1_55' title='bbox 720 760 806 797; x_wconf 82' lang='lat'>218.</span> <span class='ocrx_word' id='word_1_56' title='bbox 835 763 875 797; x_wconf 87' lang='lat' dir='ltr'>et</span> <span class='ocrx_word' id='word_1_57' title='bbox 900 761 1056 799; x_wconf 83' lang='lat' dir='ltr'>Kirchn.</span> <span class='ocrx_word' id='word_1_58' title='bbox 1085 765 1234 810; x_wconf 87' lang='lat' dir='ltr'>quaest.</span> <span class='ocrx_word' id='word_1_59' title='bbox 1262 759 1299 813; x_wconf 64' lang='grc' dir='ltr'>ξ.</span> <span class='ocrx_word' id='word_1_60' title='bbox 1328 763 1389 801; x_wconf 89' lang='grc'>62.</span> 
     </span>
    </p>
   </div>
   <div class='ocr_carea' id='block_1_3' title="bbox 144 883 1481 981">
    <p class='ocr_par' dir='ltr' id='par_1_5' title="bbox 144 883 1481 981">
     <span class='ocr_line' id='line_1_10' title="bbox 244 883 1481 933; baseline 0.002 -13"><span class='ocrx_word' id='word_1_61' title='bbox 244 883 539 920; x_wconf 75' lang='grc' dir='ltr'>ΕΡῙΒΤΟῙιΔ</span> <span class='ocrx_word' id='word_1_62' title='bbox 562 883 691 920; x_wconf 78' lang='lat' dir='ltr'><strong>xlx.</strong></span> <span class='ocrx_word' id='word_1_63' title='bbox 726 886 863 923; x_wconf 74' lang='lat' dir='ltr'>Prisco</span> <span class='ocrx_word' id='word_1_64' title='bbox 887 886 923 922; x_wconf 78' lang='lat' dir='ltr'>si</span> <span class='ocrx_word' id='word_1_65' title='bbox 948 885 1102 923; x_wconf 75' lang='lat' dir='ltr'>credis-&#39;¹⁷</span> <span class='ocrx_word' id='word_1_66' title='bbox 1126 885 1169 921; x_wconf 89' lang='lat' dir='ltr'>in</span> <span class='ocrx_word' id='word_1_67' title='bbox 1194 885 1340 922; x_wconf 83' lang='lat' dir='ltr'>ultimis</span> <span class='ocrx_word' id='word_1_68' title='bbox 1366 886 1481 933; x_wconf 88' lang='lat' dir='ltr'>hujus</span> 
     </span>
     <span class='ocr_line' id='line_1_11' title="bbox 144 935 1480 981; baseline 0 -8"><span class='ocrx_word' id='word_1_69' title='bbox 144 935 233 973; x_wconf 89' lang='lat' dir='ltr'>libri</span> <span class='ocrx_word' id='word_1_70' title='bbox 272 935 392 972; x_wconf 87' lang='lat' dir='ltr'>fuisse</span> <span class='ocrx_word' id='word_1_71' title='bbox 432 935 596 971; x_wconf 83' lang='lat' dir='ltr'>videtur.</span> <span class='ocrx_word' id='word_1_72' title='bbox 649 936 734 978; x_wconf 86' lang='lat' dir='ltr'>Quo</span> <span class='ocrx_word' id='word_1_73' title='bbox 772 936 814 972; x_wconf 87' lang='lat' dir='ltr'>in</span> <span class='ocrx_word' id='word_1_74' title='bbox 850 935 1000 981; x_wconf 85' lang='lat' dir='ltr'>judicio</span> <span class='ocrx_word' id='word_1_75' title='bbox 1041 936 1222 972; x_wconf 86' lang='lat' dir='ltr'>convenit</span> <span class='ocrx_word' id='word_1_76' title='bbox 1259 936 1355 973; x_wconf 88' lang='lat' dir='ltr'>mihi</span> <span class='ocrx_word' id='word_1_77' title='bbox 1394 948 1480 974; x_wconf 91' lang='lat' dir='ltr'>cum</span> 
     </span>
    </p>
   </div>
   <div class='ocr_carea' id='block_1_4' title="bbox 144 995 1482 1170">
    <p class='ocr_par' dir='ltr' id='par_1_6' title="bbox 144 995 1482 1170">
     <span class='ocr_line' id='line_1_12' title="bbox 144 995 1482 1044; baseline 0.001 -10"><span class='ocrx_word' id='word_1_78' title='bbox 144 998 362 1044; x_wconf 83' lang='lat' dir='ltr'>interprett.</span> <span class='ocrx_word' id='word_1_79' title='bbox 404 995 480 1032; x_wconf 84' lang='lat' dir='ltr'>Sed</span> <span class='ocrx_word' id='word_1_80' title='bbox 505 1006 648 1043; x_wconf 88' lang='lat' dir='ltr'>respuo</span> <span class='ocrx_word' id='word_1_81' title='bbox 667 1006 801 1031; x_wconf 84' lang='lat' dir='ltr'>eorum</span> <span class='ocrx_word' id='word_1_82' title='bbox 818 997 1001 1032; x_wconf 82' lang='lat' dir='ltr'>rationes.</span> <span class='ocrx_word' id='word_1_83' title='bbox 1046 997 1247 1034; x_wconf 85' lang='lat' dir='ltr'>Kirchner.</span> <span class='ocrx_word' id='word_1_84' title='bbox 1265 998 1370 1034; x_wconf 79' lang='lat' dir='ltr'>enim</span> <span class='ocrx_word' id='word_1_85' title='bbox 1395 1009 1482 1035; x_wconf 87' lang='lat' dir='ltr'>eam</span> 
     </span>
     <span class='ocr_line' id='line_1_13' title="bbox 144 1056 1481 1107; baseline 0.001 -12"><span class='ocrx_word' id='word_1_86' title='bbox 144 1071 178 1096; x_wconf 88' lang='lat' dir='ltr'>a.</span> <span class='ocrx_word' id='word_1_87' title='bbox 206 1059 291 1094; x_wconf 85' lang='grc'><strong>739.</strong></span> <span class='ocrx_word' id='word_1_88' title='bbox 327 1059 527 1093; x_wconf 79' lang='lat' dir='ltr'>exaratam</span> <span class='ocrx_word' id='word_1_89' title='bbox 553 1068 639 1093; x_wconf 81' lang='lat' dir='ltr'>esse</span> <span class='ocrx_word' id='word_1_90' title='bbox 675 1056 862 1107; x_wconf 81' lang='lat' dir='ltr'>conjecit,</span> <span class='ocrx_word' id='word_1_91' title='bbox 900 1057 1046 1094; x_wconf 86' lang='lat' dir='ltr'>Grotef.</span> <span class='ocrx_word' id='word_1_92' title='bbox 1080 1069 1117 1106; x_wconf 86' lang='lat' dir='ltr'>p.</span> <span class='ocrx_word' id='word_1_93' title='bbox 1155 1058 1240 1095; x_wconf 80' lang='lat'><strong>475.</strong></span> <span class='ocrx_word' id='word_1_94' title='bbox 1266 1058 1302 1096; x_wconf 94' lang='lat' dir='ltr'>b.</span> <span class='ocrx_word' id='word_1_95' title='bbox 1329 1062 1421 1096; x_wconf 84' lang='lat' dir='ltr'>ante</span> <span class='ocrx_word' id='word_1_96' title='bbox 1446 1071 1481 1097; x_wconf 81' lang='lat' dir='ltr'>a.</span> 
     </span>
     <span class='ocr_line' id='line_1_14' title="bbox 144 1118 644 1170; baseline -0.002 -14"><span class='ocrx_word' id='word_1_97' title='bbox 144 1120 254 1170; x_wconf 58' lang='lat'>7323</span> <span class='ocrx_word' id='word_1_98' title='bbox 282 1129 353 1165; x_wconf 86' lang='lat' dir='ltr'>ego</span> <span class='ocrx_word' id='word_1_99' title='bbox 380 1129 472 1155; x_wconf 87' lang='lat' dir='ltr'>vero</span> <span class='ocrx_word' id='word_1_100' title='bbox 500 1130 533 1156; x_wconf 85' lang='lat' dir='ltr'>a.</span> <span class='ocrx_word' id='word_1_101' title='bbox 560 1118 644 1155; x_wconf 85' lang='lat'>734.</span> 
     </span>
    </p>
   </div>
   <div class='ocr_carea' id='block_1_5' title="bbox 144 1240 1482 1415">
    <p class='ocr_par' dir='ltr' id='par_1_7' title="bbox 144 1240 1482 1415">
     <span class='ocr_line' id='line_1_15' title="bbox 245 1240 1482 1293; baseline 0.002 -15"><span class='ocrx_word' id='word_1_102' title='bbox 245 1240 589 1278; x_wconf 68' lang='lat' dir='ltr'>nmswomm</span> <span class='ocrx_word' id='word_1_103' title='bbox 615 1243 722 1280; x_wconf 82' lang='lat' dir='ltr'>xx.</span> <span class='ocrx_word' id='word_1_104' title='bbox 766 1242 1068 1291; x_wconf 76' lang='lat' dir='ltr'>„Vertumnum</span> <span class='ocrx_word' id='word_1_105' title='bbox 1101 1244 1368 1293; x_wconf 56' lang='lat' dir='ltr'>JaemumqueJ’</span> <span class='ocrx_word' id='word_1_106' title='bbox 1401 1245 1482 1281; x_wconf 84' lang='lat' dir='ltr'>evi-</span> 
     </span>
     <span class='ocr_line' id='line_1_16' title="bbox 144 1303 1482 1352; baseline 0.001 -11"><span class='ocrx_word' id='word_1_107' title='bbox 144 1305 239 1341; x_wconf 83' lang='lat' dir='ltr'>dens</span> <span class='ocrx_word' id='word_1_108' title='bbox 274 1306 391 1352; x_wconf 82' lang='lat' dir='ltr'>atque</span> <span class='ocrx_word' id='word_1_109' title='bbox 426 1305 575 1341; x_wconf 84' lang='lat' dir='ltr'>certum</span> <span class='ocrx_word' id='word_1_110' title='bbox 609 1306 670 1340; x_wconf 84' lang='lat' dir='ltr'>est</span> <span class='ocrx_word' id='word_1_111' title='bbox 705 1303 888 1351; x_wconf 83' lang='lat' dir='ltr'>scriptam</span> <span class='ocrx_word' id='word_1_112' title='bbox 923 1315 1010 1341; x_wconf 82' lang='lat' dir='ltr'>esse</span> <span class='ocrx_word' id='word_1_113' title='bbox 1045 1316 1080 1341; x_wconf 86' lang='lat' dir='ltr'>a.</span> <span class='ocrx_word' id='word_1_114' title='bbox 1117 1304 1201 1342; x_wconf 79' lang='lat'><strong>734.</strong></span> <span class='ocrx_word' id='word_1_115' title='bbox 1237 1307 1328 1343; x_wconf 82' lang='lat' dir='ltr'>ante</span> <span class='ocrx_word' id='word_1_116' title='bbox 1353 1305 1390 1343; x_wconf 88' lang='lat' dir='ltr'>d.</span> <span class='ocrx_word' id='word_1_117' title='bbox 1418 1306 1482 1344; x_wconf 88' lang='lat' dir='ltr'>VI.</span> 
     </span>
     <span class='ocr_line' id='line_1_17' title="bbox 144 1365 1087 1415; baseline 0.002 -13"><span class='ocrx_word' id='word_1_118' title='bbox 144 1366 199 1404; x_wconf 86' lang='lat' dir='ltr'>Id.</span> <span class='ocrx_word' id='word_1_119' title='bbox 225 1365 445 1415; x_wconf 85' lang='lat' dir='ltr'>Decembr.‚</span> <span class='ocrx_word' id='word_1_120' title='bbox 473 1368 612 1414; x_wconf 70' lang='lat' dir='ltr'>poetae</span> <span class='ocrx_word' id='word_1_121' title='bbox 638 1367 817 1404; x_wconf 85' lang='lat' dir='ltr'>natalem.</span> <span class='ocrx_word' id='word_1_122' title='bbox 847 1377 884 1402; x_wconf 85' lang='lat' dir='ltr'>v.</span> <span class='ocrx_word' id='word_1_123' title='bbox 914 1377 998 1414; x_wconf 87' lang='lat' dir='ltr'>pag.</span> <span class='ocrx_word' id='word_1_124' title='bbox 1029 1367 1087 1404; x_wconf 76' lang='lat'>74.</span> 
     </span>
    </p>
   </div>
  </div>
 </body>
</html>
