1643 2959
747 183 1020 224 —233-

233 295 364 337 aruit?
401 295 471 335 sed
501 301 543 333 tu
570 291 665 332 mihi
693 290 788 332 illud
818 291 920 345 quod
949 290 997 331 ab
1027 290 1101 330 hoc
1130 290 1351 344 proximum
1380 302 1539 331 carmen

232 374 294 408 est
336 366 612 415 considerato,
660 361 823 404 ‘Pastor
866 378 953 404 cum
983 360 1189 403 traheret'.
1230 361 1271 401 id
1309 375 1396 402 cum
1423 375 1539 403 nemo

229 438 379 479 dubitet
426 437 518 491 quin
556 443 681 476 totum
722 449 776 476 ex
816 433 973 477 Graeco
1023 436 1176 475 ductum
1220 433 1262 473 in
1305 441 1537 487 argumento

226 510 316 549 ficto
347 516 560 560 versetur,
600 521 732 548 nonne
773 504 879 549 dieCs
911 506 1113 563 probabile
1145 519 1237 547 esse
1267 512 1425 560 poetam
1451 506 1538 560 ipso

224 581 310 621 loco
340 581 413 621 hoc
445 595 608 622 carmen
639 581 816 622 eiusdem
857 580 963 621 modi
1004 592 1095 620 esse
1126 578 1304 619 indicare
1333 577 1539 619 voluisse?

223 653 351 694 simile
382 654 590 694 artificium
619 653 660 693 in
691 653 840 694 duabus
883 652 1060 708 epistolis
1102 649 1165 705 [I‚
1199 651 1264 693 13.
1298 649 1370 704 14]
1403 649 1539 691 obser—

223 725 364 777 vahis‚
407 740 503 780 quas
534 733 645 766 recte
678 725 774 766 dicis
808 725 865 781 [p.
898 724 998 778 205]
1031 724 1079 764 ad
1110 737 1180 764 eos
1218 737 1298 764 non
1336 722 1538 778 pertinere

221 798 360 852 quibus
391 798 606 853 inscriptae
638 805 743 839 sunt.

330 885 415 929 Cur
443 899 542 929 vero
572 887 667 928 illud
706 887 833 941 ipsum
872 900 1033 927 carmen
1083 885 1247 926 ‘Pastor
1286 899 1373 925 cum
1403 883 1537 925 trahe-

216 958 292 999 ret'
336 959 593 1013 praeteristi?
630 957 725 997 mihi
755 963 864 996 certe
895 956 969 995 hoc
998 955 1104 995 inter
1133 956 1259 1008 prima
1288 969 1388 1007 quae
1417 962 1537 1010 poeta

215 1030 380 1071 tentarit
423 1029 547 1070 fuisse
594 1042 648 1069 ex
691 1028 761 1068 illo
802 1040 925 1067 versu
963 1026 1124 1067 videtur
1169 1039 1364 1081 apparere
1415 1026 1534 1081 ‘ignis

213 1100 357 1143 Iliacas
389 1100 554 1142 domos'.
589 1101 785 1141 adicerem
811 1099 948 1140 eadem
979 1099 1139 1140 licentia
1182 1098 1380 1152 insignem
1411 1097 1535 1139 ‘Teu-

214 1188 282 1215 cer
313 1182 353 1215 et
384 1172 600 1216 Sthenelus
633 1172 794 1223 sciens',
836 1171 913 1212 nisi
942 1171 1187 1213 vetustiores
1218 1169 1308 1211 libri
1338 1169 1533 1211 haberent

214 1246 391 1288 ‘Teucer
436 1245 502 1287 te'.
546 1246 642 1286 talia
682 1245 785 1286 enim
825 1245 996 1285 nondum
1035 1244 1236 1299 perfectae
1275 1241 1373 1283 artis
1413 1242 1531 1283 docu-

210 1327 345 1360 menta
376 1319 567 1374 quaedam
598 1318 808 1359 Horatium
841 1317 976 1358 delere
1006 1316 1184 1357 noluisse
1215 1314 1293 1355 alio
1333 1327 1529 1356 memora-

210 1391 279 1432 bili
321 1392 505 1447 exemplo
536 1392 680 1432 docere
711 1406 885 1445 possum.

318 1463 365 1505 In
396 1479 443 1505 eo
474 1478 662 1505 versuum
693 1470 910 1519 systemate
943 1462 1044 1516 quod
1076 1461 1112 1502 ei
1142 1474 1237 1516 prae
1268 1460 1416 1502 ceteris
1446 1460 1527 1515 pla-

208 1537 339 1577 cuisse
368 1537 564 1588 videmus,
597 1537 712 1577 colon
743 1536 903 1577 tertium
933 1542 1021 1590 post
1052 1534 1225 1588 quintam
1256 1532 1448 1589 syllabam
1480 1544 1528 1574 ea

208 1609 438 1649 condicione
478 1609 665 1649 inciditur
702 1616 745 1649 ut
785 1615 903 1650 sexta
941 1614 1077 1649 teneat
1116 1605 1351 1648 vocabulum
1390 1619 1525 1646 mono-

207 1681 417 1736 syllabum,
451 1681 523 1721 hoc
554 1682 686 1731 modo,

405 1753 565 1807 excepit
593 1753 694 1794 ictus
711 1752 717 1805 l
732 1766 802 1808 pro
821 1753 825 1806 ξ
842 1752 1006 1807 pudicis.

204 1826 349 1867 hocin
379 1825 608 1867 cultissimis
648 1825 887 1867 carminibus
930 1831 1089 1865 secutus
1131 1830 1217 1873 est,
1263 1821 1446 1877 neglexit
1482 1821 1523 1862 in

204 1899 459 1952 quibusdam,
503 1912 601 1952 quae
633 1912 704 1938 cur
734 1898 864 1938 omnia
895 1897 1020 1952 primo
1052 1902 1093 1936 et
1121 1895 1294 1936 secundo
1333 1893 1434 1934 libro
1462 1893 1522 1934 in—

203 1971 377 2011 seruerit
405 1971 528 2011 miror
558 1984 685 2025 neque
716 1978 865 2011 certam
895 1984 1054 2010 causam
1084 1967 1259 2023 reperio,
1293 1967 1364 2008 sed
1385 1979 1521 2006 eorum

202 2043 414 2083 maximam
430 2050 582 2097 partem
613 2057 667 2084 ex
695 2043 773 2083 tuis
791 2042 1012 2083 rationibus
1035 2041 1160 2096 primo
1191 2040 1365 2081 triennio
1396 2037 1533 2091 scrip-A

205 2115 255 2152 Sit
283 2129 337 2156 ex
367 2129 442 2169 quo
472 2115 648 2156 carmina
692 2116 819 2171 lyrica
857 2114 988 2169 eoepit
1017 2114 1206 2154 condere.
1249 2111 1364 2152 huius
1407 2109 1516 2148 incu-

204 2183 288 2224 riae
318 2187 500 2242 exempla
530 2201 670 2242 ponam
702 2188 793 2238 duo⁷
825 2195 869 2227 ut
898 2186 1182 2239 intellegantur
1210 2181 1381 2237 species.

400 2266 560 2299 cantare
590 2259 701 2299 rivos
719 2259 724 2313 Ι
741 2266 857 2312 atque
874 2259 878 2311 i
896 2257 1061 2297 truncis.

400 2331 502 2370 nodo
534 2344 696 2372 coerces
712 2329 717 2383 l
733 2329 930 2384 viperino.

202 2400 377 2441 carmina
407 2408 535 2441 autem
566 2403 605 2443 in
637 2402 776 2456 quibus
808 2401 868 2442 his
900 2400 1036 2440 formis
1067 2412 1162 2440 usus
1193 2404 1256 2439 est
1284 2396 1381 2437 haec
1404 2401 1510 2435 sunt.

200 2471 290 2512 libri
320 2472 434 2527 primi
461 2471 579 2515 XVI.
612 2473 776 2515 XXVI.
809 2471 977 2515 XXIX.
1011 2469 1200 2522 XXXV,
1231 2468 1320 2510 libri
1350 2466 1513 2509 secundi

198 2542 232 2584 I.
265 2542 341 2585 III.
374 2541 495 2586 XIII.
528 2543 647 2588 XIV.
680 2543 802 2586 XIX.
