1643 2959
669 219 945 261 -212—

155 334 309 373 urbium
342 334 382 370 et
415 329 658 368 castellorum
691 326 1044 375 oppugnationibus
1072 325 1186 375 (Hor.
1211 328 1272 366 od.
1300 328 1367 379 14,
1397 327 1476 365 11.:

157 398 197 434 et
223 407 337 434 arces
361 392 530 440 Alpibus
553 390 759 437 impositas
791 389 1008 426 tremendis
1039 387 1195 434 Dejecit
1227 384 1369 441 acen),
1406 400 1478 425 nec

155 468 234 496 non
259 454 404 493 directa
431 461 583 500 quoque
617 450 701 487 acie
727 449 895 486 feliciter
916 449 1060 498 functi,
1087 451 1222 495 gentes
1247 448 1342 485 locis
1366 450 1477 486 tutis-

155 520 285 566 simaS,
311 514 419 551 aditu
447 511 700 560 difficillimas,
726 521 886 548 numero
908 511 1142 560 frequentes,
1169 509 1322 546 feritate
1338 510 1479 561 truces,

155 579 297 626 majore
324 586 411 612 cum
436 573 606 622 periculo
647 582 765 620 quam
799 572 938 609 damno
971 571 1137 609 Romani
1171 570 1363 607 exercitus
1396 566 1480 622 (od.

159 640 226 689 14,
253 637 334 675 32.:
376 635 520 673 Stravit
551 634 710 670 humum
734 635 823 671 sine
847 636 964 671 clade
988 632 1169 681 victor.],
1204 632 1368 680 plurimo
1396 637 1483 668 cum

157 709 289 738 earum
315 697 501 744 sanguine
527 692 612 748 (od.
633 695 694 744 14,
715 695 795 731 17.:
823 694 1062 743 Spectandus
1088 694 1129 730 in
1155 692 1363 730 certamine
1379 692 1482 729 Mar-

156 763 226 812 tio,
251 761 407 798 Devota
432 757 547 794 morti
570 761 735 804 pectora
750 756 896 792 liberae
923 756 1094 801 Quantis
1115 753 1310 802 faliyaret
1331 750 1483 803 ruinis)

156 819 494 872 perdomuerunt?
544 818 674 855 Minus
700 819 829 853 tamen
860 817 1075 854 audiendus
1100 817 1269 865 Florus,
1305 813 1370 862 qui
1394 813 1482 850 libr.

157 885 221 922 IV.
249 894 332 931 cap.
361 882 420 918 12.
449 878 486 930 ἓ.
515 879 548 915 4.
575 889 708 916 omnes
735 878 837 914 illius
873 877 1041 914 cardinis
1075 877 1259 925 populos,
1294 875 1482 924 Breunos,

158 946 328 983 Senones
354 944 470 989 atque
495 939 714 976 Vindelicos
741 949 810 985 per
837 938 1038 975 Claudium
1053 938 1223 974 Drusum
1249 936 1372 973 solum
1396 946 1484 984 per-

158 1007 316 1055 pacatos
342 1013 428 1039 esse
455 1000 609 1047 scribit,
635 998 777 1043 injuria
802 999 975 1044 profecto
1008 997 1207 1033 Tiberium
1240 1007 1381 1044 operae
1407 996 1484 1032 isto

158 1068 199 1103 in
231 1064 333 1101 bello
367 1059 575 1110 praestitae
610 1058 731 1104 gloria
763 1057 956 1094 fraudans.
1008 1057 1185 1093 Breviter
1208 1067 1272 1093 res
1298 1058 1401 1092 tacta
1425 1058 1487 1092 est

160 1127 201 1164 in
232 1125 317 1162 Liv.
354 1122 446 1170 epit.
482 1120 566 1156 136.
601 1117 735 1164 Velle-j·
771 1118 816 1167 2,
846 1118 928 1154 122.
957 1119 1113 1155 Sueton.
1139 1118 1239 1164 Aug.
1265 1116 1326 1154 21.
1353 1116 1483 1154 Tiber.

159 1188 196 1224 9.
226 1184 359 1224 Claud.
387 1183 421 1220 1.
446 1183 606 1229 Eutrop.
634 1179 671 1229 7,
699 1179 734 1216 5.
761 1201 812 1207 —

258 1246 295 1283 2.
348 1242 606 1292 scriptoribus
648 1241 864 1278 accuratior
907 1240 1024 1277 etiam
1070 1242 1130 1277 est
1171 1239 1376 1288 Horatius,
1419 1237 1485 1286 qui

159 1308 279 1348 Drusi
304 1308 345 1343 et
369 1304 516 1343 Tiberii
540 1314 603 1340 res
631 1304 759 1348 gestas
777 1300 1025 1338 celebrandas
1043 1300 1118 1337 sibi
1135 1299 1299 1348 sumpsit
1313 1299 1355 1336 in
1371 1310 1486 1338 carm.

162 1372 197 1408 4.
225 1371 265 1406 et
291 1368 350 1405 14.
402 1366 514 1403 Hunc
539 1364 678 1413 igitur,
713 1373 788 1411 quo
822 1366 889 1399 vix
923 1363 1126 1400 certiorem
1159 1363 1300 1398 testem
1333 1359 1484 1409 afferas,

162 1431 196 1469 si
221 1429 419 1477 audimus,
445 1426 627 1464 continuo
654 1426 858 1472 patescunt
883 1424 998 1461 haec:

261 1486 307 1542 a)
333 1491 516 1538 Drusus,
553 1487 619 1534 qui
651 1485 818 1533 primum
844 1485 947 1522 solus
975 1487 1108 1522 contra
1134 1485 1267 1531 gentes
1293 1482 1486 1531 inalpinas

161 1553 304 1591 missus
331 1552 414 1587 erat
440 1545 498 1602 (v,
525 1543 645 1600 Dio),
672 1547 745 1582 hac
770 1546 812 1583 in
827 1545 1077 1594 expeditione
1098 1546 1321 1583 Vindelicos
1336 1546 1486 1581 tantum

164 1623 368 1661 aggressus
395 1613 456 1647 est
481 1611 520 1646 et
546 1609 639 1645 vicit
665 1607 823 1655 proelio.
875 1608 1050 1655 Apparet
1076 1606 1148 1642 hoc
1173 1608 1255 1641 tum
1282 1616 1332 1641 ex
1358 1604 1420 1641 od.
1448 1605 1485 1640 4.

163 1685 220 1711 vs.
238 1673 282 1710 17
312 1683 391 1720 sq.,
418 1682 513 1719 quos
527 1672 615 1718 post
641 1671 699 1705 tot
724 1671 928 1715 tantasque
954 1667 1208 1715 interpretum
1226 1665 1488 1702 dubitationes

163 1744 266 1771 nunc
300 1733 455 1781 quidem
489 1730 611 1776 ejecto
644 1731 777 1777 inepto
812 1729 877 1765 illo
904 1729 1153 1776 glossemate,
1189 1726 1292 1774 qnod
1318 1728 1378 1762 est
1404 1737 1428 1762 a
1451 1737 1486 1761 v.

165 1794 371 1839 18—22.,
399 1803 486 1829 cum
510 1791 611 1828 Petr.
640 1791 819 1828 Rosscha
845 1785 914 1838 (in
948 1789 1126 1826 vindiciis
1162 1786 1385 1825 Horatianis
1419 1785 1486 1822 ad-

163 1867 297 1893 versus
342 1863 528 1902 nuperam
574 1861 774 1889 censuram
813 1861 836 1886 a
871 1851 999 1887 Hofm.
1042 1849 1284 1896 Peerlkamp.
1333 1847 1486 1884 editam.

164 1916 401 1956 Daventriae
436 1914 544 1951 1836.
578 1924 615 1961 p.
654 1907 769 1963 129.)
810 1911 866 1948 sic
898 1910 1082 1958 legendos
1118 1912 1158 1947 et
1196 1907 1489 1955 distinguendos

164 1988 249 2015 esse
275 1987 434 2014 censeo:

359 2036 500 2074 Videre
527 2036 659 2072 Raetis
685 2033 786 2070 bella
813 2033 883 2070 sub
910 2032 1074 2081 Alpibus

361 2098 544 2134 Drusum
570 2096 768 2142 gerentem
797 2095 1010 2143 Vindelici,
1038 2093 1105 2130 diu

426 2156 599 2203 Lateque
626 2155 802 2192 victrices
830 2158 1007 2192 catervae

477 2216 656 2254 Consiliis
676 2215 832 2261 juvenis
858 2216 1038 2252 revictae.

361 2279 545 2327 Sensere,
573 2275 666 2325 quid
691 2287 799 2312 mens
826 2275 900 2311 rite
927 2276 1047 2322 caet.,

169 2341 249 2376 tum
275 2337 412 2375 elarius
438 2339 554 2374 etiam
579 2348 629 2374 ex
665 2335 728 2373 od.
757 2336 815 2372 14.
842 2346 899 2371 vs.
926 2335 946 2369 7
968 2344 1024 2381 sq.
1052 2332 1218 2370 maxime
1250 2333 1484 2383 principum:

430 2399 554 2441 Quem
578 2398 675 2444 Iegis
703 2398 881 2444 expertes
907 2395 1069 2431 Latinae

482 2460 675 2497 Vindelici
699 2457 869 2494 didicere
895 2467 1041 2505 nuper,

366 2518 469 2563 Quid
492 2519 617 2555 Marte
644 2528 790 2565 posses.
840 2517 966 2553 Milite
990 2526 1089 2554 nam
1114 2519 1180 2553 tuo

365 2581 528 2617 Drusus
554 2578 795 2628 Genauam,
821 2577 1052 2624 inplacidum
1078 2586 1221 2626 genus,
