<?xml version="1.0" encoding="UTF-8"?>
<!DOCTYPE html PUBLIC "-//W3C//DTD XHTML 1.0 Transitional//EN"
    "http://www.w3.org/TR/xhtml1/DTD/xhtml1-transitional.dtd">
<html xmlns="http://www.w3.org/1999/xhtml" xml:lang="en" lang="en">
 <head>
  <title>
</title>
<meta http-equiv="Content-Type" content="text/html;charset=utf-8" />
  <meta name='ocr-system' content='tesseract 3.04.00' />
  <meta name='ocr-capabilities' content='ocr_page ocr_carea ocr_par ocr_line ocrx_word'/>
</head>
<body>
  <div class='ocr_page' id='page_1' title='image "./fastihoratianiac00franuoft_0102.png"; bbox 0 0 1689 2881; ppageno 0'>
   <div class='ocr_carea' id='block_1_1' title="bbox 722 170 997 210">
    <p class='ocr_par' dir='ltr' id='par_1_1' title="bbox 722 170 997 210">
     <span class='ocr_line' id='line_1_1' title="bbox 722 170 997 210; baseline 0 -12"><span class='ocrx_word' id='word_1_1' title='bbox 722 170 887 210; x_wconf 49' lang='grc' dir='ltr'><strong>ῌ,92</strong></span> <span class='ocrx_word' id='word_1_2' title='bbox 943 193 997 198; x_wconf 60' lang='grc'><strong>,-</strong></span> 
     </span>
    </p>
   </div>
   <div class='ocr_carea' id='block_1_2' title="bbox 189 276 1526 2287">
    <p class='ocr_par' dir='ltr' id='par_1_2' title="bbox 189 276 1526 1545">
     <span class='ocr_line' id='line_1_2' title="bbox 194 276 1520 328; baseline 0.001 -14"><span class='ocrx_word' id='word_1_3' title='bbox 194 277 337 328; x_wconf 86' lang='lat' dir='ltr'><strong>tuisse,</strong></span> <span class='ocrx_word' id='word_1_4' title='bbox 377 289 474 327; x_wconf 86' lang='lat' dir='ltr'><strong>quae</strong></span> <span class='ocrx_word' id='word_1_5' title='bbox 514 279 555 313; x_wconf 92' lang='lat' dir='ltr'><strong>in</strong></span> <span class='ocrx_word' id='word_1_6' title='bbox 593 276 764 322; x_wconf 84' lang='lat' dir='ltr'><strong>syllogen</strong></span> <span class='ocrx_word' id='word_1_7' title='bbox 801 288 880 313; x_wconf 92' lang='lat' dir='ltr'><strong>non</strong></span> <span class='ocrx_word' id='word_1_8' title='bbox 918 277 1182 323; x_wconf 84' lang='lat' dir='ltr'><strong>reciperentur</strong></span> <span class='ocrx_word' id='word_1_9' title='bbox 1219 298 1269 304; x_wconf 89' lang='lat'>—</span> <span class='ocrx_word' id='word_1_10' title='bbox 1303 278 1345 315; x_wconf 90' lang='lat' dir='ltr'><strong>id</strong></span> <span class='ocrx_word' id='word_1_11' title='bbox 1384 279 1520 315; x_wconf 82' lang='lat' dir='ltr'><strong>saltem</strong></span> 
     </span>
     <span class='ocr_line' id='line_1_3' title="bbox 194 325 1520 388; baseline 0 -13"><span class='ocrx_word' id='word_1_12' title='bbox 194 325 405 388; x_wconf 63' lang='lat' dir='ltr'><strong>e&#39;vineitur,</strong></span> <span class='ocrx_word' id='word_1_13' title='bbox 441 338 598 374; x_wconf 87' lang='lat' dir='ltr'><strong>satiram</strong></span> <span class='ocrx_word' id='word_1_14' title='bbox 633 337 668 374; x_wconf 89' lang='grc'><strong>4.</strong></span> <span class='ocrx_word' id='word_1_15' title='bbox 704 347 946 385; x_wconf 84' lang='lat' dir='ltr'><strong>nequaquam</strong></span> <span class='ocrx_word' id='word_1_16' title='bbox 980 336 1161 384; x_wconf 89' lang='lat' dir='ltr'><strong>primitiis</strong></span> <span class='ocrx_word' id='word_1_17' title='bbox 1196 339 1520 375; x_wconf 85' lang='lat' dir='ltr'><strong>annumerandam</strong></span> 
     </span>
     <span class='ocr_line' id='line_1_4' title="bbox 193 397 1519 446; baseline -0.002 -9"><span class='ocrx_word' id='word_1_18' title='bbox 193 411 290 437; x_wconf 87' lang='lat' dir='ltr'><strong>esse.</strong></span> <span class='ocrx_word' id='word_1_19' title='bbox 343 400 478 436; x_wconf 88' lang='lat' dir='ltr'><strong>Altera</strong></span> <span class='ocrx_word' id='word_1_20' title='bbox 504 409 554 434; x_wconf 84' lang='lat' dir='ltr'><strong>ex</strong></span> <span class='ocrx_word' id='word_1_21' title='bbox 578 399 689 446; x_wconf 87' lang='lat' dir='ltr'><strong>parte</strong></span> <span class='ocrx_word' id='word_1_22' title='bbox 716 398 798 444; x_wconf 88' lang='lat' dir='ltr'><strong>ejus</strong></span> <span class='ocrx_word' id='word_1_23' title='bbox 826 400 932 435; x_wconf 90' lang='lat' dir='ltr'><strong>ortus</strong></span> <span class='ocrx_word' id='word_1_24' title='bbox 958 408 1037 434; x_wconf 87' lang='lat' dir='ltr'><strong>non</strong></span> <span class='ocrx_word' id='word_1_25' title='bbox 1060 397 1176 433; x_wconf 89' lang='lat' dir='ltr'><strong>nimis</strong></span> <span class='ocrx_word' id='word_1_26' title='bbox 1195 397 1406 444; x_wconf 83' lang='lat' dir='ltr'><strong>disjunctus</strong></span> <span class='ocrx_word' id='word_1_27' title='bbox 1433 410 1519 436; x_wconf 89' lang='lat' dir='ltr'><strong>esse</strong></span> 
     </span>
     <span class='ocr_line' id='line_1_5' title="bbox 191 459 1520 509; baseline -0.001 -12"><span class='ocrx_word' id='word_1_28' title='bbox 191 461 319 508; x_wconf 89' lang='lat' dir='ltr'><strong>potuit</strong></span> <span class='ocrx_word' id='word_1_29' title='bbox 353 471 376 496; x_wconf 92' lang='lat' dir='ltr'><strong>a</strong></span> <span class='ocrx_word' id='word_1_30' title='bbox 408 459 742 508; x_wconf 88' lang='lat' dir='ltr'><strong>praecedentium,</strong></span> <span class='ocrx_word' id='word_1_31' title='bbox 788 460 878 507; x_wconf 91' lang='lat' dir='ltr'><strong>quia</strong></span> <span class='ocrx_word' id='word_1_32' title='bbox 911 462 1048 509; x_wconf 89' lang='lat' dir='ltr'><strong>poeta,</strong></span> <span class='ocrx_word' id='word_1_33' title='bbox 1084 461 1271 506; x_wconf 86' lang='lat' dir='ltr'><strong>quantum</strong></span> <span class='ocrx_word' id='word_1_34' title='bbox 1305 460 1520 506; x_wconf 85' lang='lat' dir='ltr'><strong>conjectare</strong></span> 
     </span>
     <span class='ocr_line' id='line_1_6' title="bbox 190 520 1522 570; baseline -0.002 -12"><span class='ocrx_word' id='word_1_35' title='bbox 190 522 302 570; x_wconf 90' lang='lat' dir='ltr'><strong>licet,</strong></span> <span class='ocrx_word' id='word_1_36' title='bbox 338 521 386 557; x_wconf 89' lang='lat' dir='ltr'><strong>ab</strong></span> <span class='ocrx_word' id='word_1_37' title='bbox 422 520 635 557; x_wconf 85' lang='lat' dir='ltr'><strong>Octaviano</strong></span> <span class='ocrx_word' id='word_1_38' title='bbox 670 521 796 558; x_wconf 89' lang='lat' dir='ltr'><strong>alieno</strong></span> <span class='ocrx_word' id='word_1_39' title='bbox 831 521 957 558; x_wconf 87' lang='lat' dir='ltr'><strong>adhuc</strong></span> <span class='ocrx_word' id='word_1_40' title='bbox 991 521 1120 557; x_wconf 90' lang='lat' dir='ltr'><strong>animo</strong></span> <span class='ocrx_word' id='word_1_41' title='bbox 1153 521 1236 556; x_wconf 90' lang='lat' dir='ltr'><strong>fuit.</strong></span> <span class='ocrx_word' id='word_1_42' title='bbox 1288 521 1388 557; x_wconf 90' lang='lat' dir='ltr'><strong>Nam</strong></span> <span class='ocrx_word' id='word_1_43' title='bbox 1413 523 1456 556; x_wconf 90' lang='lat' dir='ltr'><strong>ut</strong></span> <span class='ocrx_word' id='word_1_44' title='bbox 1480 521 1522 557; x_wconf 92' lang='lat' dir='ltr'><strong>in</strong></span> 
     </span>
     <span class='ocr_line' id='line_1_7' title="bbox 192 581 1521 619; baseline -0.002 0"><span class='ocrx_word' id='word_1_45' title='bbox 192 583 226 619; x_wconf 87' lang='lat'><strong>2.</strong></span> <span class='ocrx_word' id='word_1_46' title='bbox 257 585 295 618; x_wconf 89' lang='lat' dir='ltr'><strong>et</strong></span> <span class='ocrx_word' id='word_1_47' title='bbox 321 583 356 618; x_wconf 87' lang='lat'><strong>3.</strong></span> <span class='ocrx_word' id='word_1_48' title='bbox 384 582 426 618; x_wconf 92' lang='lat' dir='ltr'><strong>in</strong></span> <span class='ocrx_word' id='word_1_49' title='bbox 453 582 706 619; x_wconf 86' lang='lat' dir='ltr'><strong>Caesarianos</strong></span> <span class='ocrx_word' id='word_1_50' title='bbox 734 583 948 619; x_wconf 87' lang='lat' dir='ltr'><strong>invehitur:</strong></span> <span class='ocrx_word' id='word_1_51' title='bbox 984 582 1039 618; x_wconf 86' lang='lat' dir='ltr'><strong>ita</strong></span> <span class='ocrx_word' id='word_1_52' title='bbox 1065 581 1206 618; x_wconf 81' lang='lat' dir='ltr'><strong>acerba</strong></span> <span class='ocrx_word' id='word_1_53' title='bbox 1232 593 1318 618; x_wconf 90' lang='lat' dir='ltr'><strong>cum</strong></span> <span class='ocrx_word' id='word_1_54' title='bbox 1343 581 1521 618; x_wconf 82' lang='lat' dir='ltr'><strong>irrisione</strong></span> 
     </span>
     <span class='ocr_line' id='line_1_8' title="bbox 191 642 1521 692; baseline 0 -14"><span class='ocrx_word' id='word_1_55' title='bbox 191 654 227 679; x_wconf 85' lang='lat' dir='ltr'><strong>v.</strong></span> <span class='ocrx_word' id='word_1_56' title='bbox 255 643 316 679; x_wconf 81' lang='lat'><strong>94.</strong></span> <span class='ocrx_word' id='word_1_57' title='bbox 338 642 452 689; x_wconf 89' lang='lat' dir='ltr'><strong>hujus</strong></span> <span class='ocrx_word' id='word_1_58' title='bbox 473 644 616 680; x_wconf 83' lang='lat' dir='ltr'><strong>satirae</strong></span> <span class='ocrx_word' id='word_1_59' title='bbox 640 645 785 681; x_wconf 77' lang='lat' dir='ltr'><em>Petillii</em></span> <span class='ocrx_word' id='word_1_60' title='bbox 817 644 1028 691; x_wconf 75' lang='lat' dir='ltr'><strong>Capitolini</strong></span> <span class='ocrx_word' id='word_1_61' title='bbox 1054 643 1243 692; x_wconf 78' lang='lat' dir='ltr'><strong>meminit,</strong></span> <span class='ocrx_word' id='word_1_62' title='bbox 1271 654 1386 691; x_wconf 90' lang='lat' dir='ltr'><strong>quem</strong></span> <span class='ocrx_word' id='word_1_63' title='bbox 1406 642 1521 679; x_wconf 86' lang='lat' dir='ltr'><strong>Octa-</strong></span> 
     </span>
     <span class='ocr_line' id='line_1_9' title="bbox 191 703 1521 742; baseline -0.001 -2"><span class='ocrx_word' id='word_1_64' title='bbox 191 704 298 740; x_wconf 87' lang='lat' dir='ltr'><strong>viani</strong></span> <span class='ocrx_word' id='word_1_65' title='bbox 341 705 513 741; x_wconf 88' lang='lat' dir='ltr'><strong>amicitia</strong></span> <span class='ocrx_word' id='word_1_66' title='bbox 556 707 595 741; x_wconf 86' lang='lat' dir='ltr'><strong>et</strong></span> <span class='ocrx_word' id='word_1_67' title='bbox 637 707 767 742; x_wconf 85' lang='lat' dir='ltr'><strong>favore</strong></span> <span class='ocrx_word' id='word_1_68' title='bbox 802 706 967 741; x_wconf 87' lang='lat' dir='ltr'><strong>fructum</strong></span> <span class='ocrx_word' id='word_1_69' title='bbox 1002 705 1121 741; x_wconf 88' lang='lat' dir='ltr'><strong>fuisse</strong></span> <span class='ocrx_word' id='word_1_70' title='bbox 1156 706 1348 740; x_wconf 74' lang='lat' dir='ltr'><strong>testantur</strong></span> <span class='ocrx_word' id='word_1_71' title='bbox 1382 703 1521 740; x_wconf 89' lang='lat' dir='ltr'><strong>Scholl.</strong></span> 
     </span>
     <span class='ocr_line' id='line_1_10' title="bbox 192 764 1522 815; baseline -0.004 -11"><span class='ocrx_word' id='word_1_72' title='bbox 192 766 383 804; x_wconf 84' lang='lat' dir='ltr'><strong>Coronam</strong></span> <span class='ocrx_word' id='word_1_73' title='bbox 408 767 517 803; x_wconf 87' lang='lat' dir='ltr'><strong>Jovis</strong></span> <span class='ocrx_word' id='word_1_74' title='bbox 547 767 754 814; x_wconf 85' lang='lat' dir='ltr'><strong>Capitolini</strong></span> <span class='ocrx_word' id='word_1_75' title='bbox 782 777 939 802; x_wconf 84' lang='lat' dir='ltr'><strong>auream</strong></span> <span class='ocrx_word' id='word_1_76' title='bbox 957 767 1104 802; x_wconf 86' lang='lat' dir='ltr'><strong>furatus</strong></span> <span class='ocrx_word' id='word_1_77' title='bbox 1131 768 1234 815; x_wconf 69' lang='lat' dir='ltr'><strong>erat,</strong></span> <span class='ocrx_word' id='word_1_78' title='bbox 1263 765 1332 802; x_wconf 88' lang='lat' dir='ltr'><strong>sed</strong></span> <span class='ocrx_word' id='word_1_79' title='bbox 1358 765 1399 800; x_wconf 91' lang='lat' dir='ltr'><strong>in</strong></span> <span class='ocrx_word' id='word_1_80' title='bbox 1418 764 1522 810; x_wconf 86' lang='lat' dir='ltr'><strong>judi-</strong></span> 
     </span>
     <span class='ocr_line' id='line_1_11' title="bbox 192 826 1525 873; baseline -0.002 -10"><span class='ocrx_word' id='word_1_81' title='bbox 192 827 294 864; x_wconf 91' lang='lat' dir='ltr'><strong>cium</strong></span> <span class='ocrx_word' id='word_1_82' title='bbox 320 831 481 864; x_wconf 84' lang='lat' dir='ltr'><strong>vocatus</strong></span> <span class='ocrx_word' id='word_1_83' title='bbox 508 840 532 864; x_wconf 86' lang='lat' dir='ltr'><strong>a</strong></span> <span class='ocrx_word' id='word_1_84' title='bbox 551 827 750 873; x_wconf 82' lang='lat' dir='ltr'><strong>judicibus</strong></span> <span class='ocrx_word' id='word_1_85' title='bbox 778 827 819 863; x_wconf 91' lang='lat' dir='ltr'><strong>in</strong></span> <span class='ocrx_word' id='word_1_86' title='bbox 846 827 1022 864; x_wconf 82' lang='lat' dir='ltr'><strong>Caesaris</strong></span> <span class='ocrx_word' id='word_1_87' title='bbox 1051 827 1213 873; x_wconf 77' lang='lat' dir='ltr'><strong>gratiam</strong></span> <span class='ocrx_word' id='word_1_88' title='bbox 1240 826 1438 863; x_wconf 88' lang='lat' dir='ltr'><strong>absolutus</strong></span> <span class='ocrx_word' id='word_1_89' title='bbox 1465 827 1525 861; x_wconf 86' lang='lat' dir='ltr'><strong>est</strong></span> 
     </span>
     <span class='ocr_line' id='line_1_12' title="bbox 192 884 1524 939; baseline -0.002 -14"><span class='ocrx_word' id='word_1_90' title='bbox 192 885 258 938; x_wconf 88' lang='lat' dir='ltr'><strong>(cf.</strong></span> <span class='ocrx_word' id='word_1_91' title='bbox 286 889 461 926; x_wconf 89' lang='lat' dir='ltr'><strong>Lambin.</strong></span> <span class='ocrx_word' id='word_1_92' title='bbox 491 891 530 925; x_wconf 90' lang='lat' dir='ltr'><strong>et</strong></span> <span class='ocrx_word' id='word_1_93' title='bbox 555 889 765 925; x_wconf 71' lang='lat' dir='ltr'><strong>VVeichert.</strong></span> <span class='ocrx_word' id='word_1_94' title='bbox 794 891 897 935; x_wconf 89' lang='lat' dir='ltr'><strong>poet.</strong></span> <span class='ocrx_word' id='word_1_95' title='bbox 925 888 992 924; x_wconf 82' lang='lat' dir='ltr'><strong>rel.</strong></span> <span class='ocrx_word' id='word_1_96' title='bbox 1022 899 1058 935; x_wconf 90' lang='lat' dir='ltr'><strong>p.</strong></span> <span class='ocrx_word' id='word_1_97' title='bbox 1088 884 1208 939; x_wconf 66' lang='lat'><strong>4⁶28.)</strong></span> <span class='ocrx_word' id='word_1_98' title='bbox 1261 887 1382 935; x_wconf 89' lang='lat' dir='ltr'><strong>Atqui</strong></span> <span class='ocrx_word' id='word_1_99' title='bbox 1410 887 1524 924; x_wconf 85' lang='lat' dir='ltr'><strong>Octa-</strong></span> 
     </span>
     <span class='ocr_line' id='line_1_13' title="bbox 190 946 1525 997; baseline -0.004 -10"><span class='ocrx_word' id='word_1_100' title='bbox 190 950 307 986; x_wconf 82' lang='lat' dir='ltr'><strong>viano</strong></span> <span class='ocrx_word' id='word_1_101' title='bbox 340 951 525 987; x_wconf 85' lang='lat' dir='ltr'><strong>Horatius</strong></span> <span class='ocrx_word' id='word_1_102' title='bbox 568 951 667 986; x_wconf 85' lang='lat' dir='ltr'><strong>bene</strong></span> <span class='ocrx_word' id='word_1_103' title='bbox 712 961 852 997; x_wconf 89' lang='lat' dir='ltr'><strong>cupere</strong></span> <span class='ocrx_word' id='word_1_104' title='bbox 888 949 1016 995; x_wconf 88' lang='lat' dir='ltr'><strong>coepit</strong></span> <span class='ocrx_word' id='word_1_105' title='bbox 1049 960 1120 996; x_wconf 90' lang='lat' dir='ltr'><strong>per</strong></span> <span class='ocrx_word' id='word_1_106' title='bbox 1153 959 1275 984; x_wconf 85' lang='lat' dir='ltr'><strong>annos</strong></span> <span class='ocrx_word' id='word_1_107' title='bbox 1309 960 1346 984; x_wconf 89' lang='lat' dir='ltr'><strong>u.</strong></span> <span class='ocrx_word' id='word_1_108' title='bbox 1384 960 1414 984; x_wconf 91' lang='lat' dir='ltr'><strong>c.</strong></span> <span class='ocrx_word' id='word_1_109' title='bbox 1451 946 1525 982; x_wconf 77' lang='lat'><strong>718</strong></span> 
     </span>
     <span class='ocr_line' id='line_1_14' title="bbox 189 1007 1526 1064; baseline -0.003 -16"><span class='ocrx_word' id='word_1_110' title='bbox 189 1012 334 1048; x_wconf 80' lang='lat'><strong>-720.</strong></span> <span class='ocrx_word' id='word_1_111' title='bbox 364 1009 432 1064; x_wconf 90' lang='lat' dir='ltr'><strong>(cf.</strong></span> <span class='ocrx_word' id='word_1_112' title='bbox 461 1024 497 1059; x_wconf 90' lang='lat' dir='ltr'><strong>p.</strong></span> <span class='ocrx_word' id='word_1_113' title='bbox 517 1007 613 1063; x_wconf 63' lang='lat'><strong>28.)</strong></span> <span class='ocrx_word' id='word_1_114' title='bbox 667 1011 770 1056; x_wconf 80' lang='lat' dir='ltr'><strong>Ergo</strong></span> <span class='ocrx_word' id='word_1_115' title='bbox 798 1010 955 1046; x_wconf 87' lang='lat' dir='ltr'><strong>satiram</strong></span> <span class='ocrx_word' id='word_1_116' title='bbox 973 1011 1061 1046; x_wconf 89' lang='lat' dir='ltr'><strong>ante</strong></span> <span class='ocrx_word' id='word_1_117' title='bbox 1089 1009 1130 1045; x_wconf 91' lang='lat' dir='ltr'><strong>id</strong></span> <span class='ocrx_word' id='word_1_118' title='bbox 1155 1011 1308 1056; x_wconf 89' lang='lat' dir='ltr'><strong>tempus</strong></span> <span class='ocrx_word' id='word_1_119' title='bbox 1335 1008 1526 1045; x_wconf 82' lang='lat' dir='ltr'><strong>edolatam</strong></span> 
     </span>
     <span class='ocr_line' id='line_1_15' title="bbox 189 1070 1526 1120; baseline -0.004 -11"><span class='ocrx_word' id='word_1_120' title='bbox 189 1073 311 1109; x_wconf 85' lang='lat' dir='ltr'><strong>fuisse</strong></span> <span class='ocrx_word' id='word_1_121' title='bbox 338 1073 539 1120; x_wconf 88' lang='lat' dir='ltr'><strong>probabile</strong></span> <span class='ocrx_word' id='word_1_122' title='bbox 566 1073 618 1107; x_wconf 87' lang='lat' dir='ltr'><strong>fit.</strong></span> <span class='ocrx_word' id='word_1_123' title='bbox 671 1072 760 1108; x_wconf 82' lang='lat' dir='ltr'><strong>Non</strong></span> <span class='ocrx_word' id='word_1_124' title='bbox 786 1070 1115 1119; x_wconf 77' lang='lat' dir='ltr'><strong>commemorabo,</strong></span> <span class='ocrx_word' id='word_1_125' title='bbox 1153 1070 1316 1106; x_wconf 86' lang='lat' dir='ltr'><strong>eandem</strong></span> <span class='ocrx_word' id='word_1_126' title='bbox 1352 1071 1526 1105; x_wconf 88' lang='lat' dir='ltr'><strong>maturae</strong></span> 
     </span>
     <span class='ocr_line' id='line_1_16' title="bbox 190 1130 1526 1183; baseline -0.004 -12"><span class='ocrx_word' id='word_1_127' title='bbox 190 1136 330 1183; x_wconf 88' lang='lat' dir='ltr'><strong>poetae</strong></span> <span class='ocrx_word' id='word_1_128' title='bbox 357 1134 477 1170; x_wconf 81' lang='lat' dir='ltr'><strong>aetati</strong></span> <span class='ocrx_word' id='word_1_129' title='bbox 503 1134 711 1180; x_wconf 87' lang='lat' dir='ltr'><strong>propterea</strong></span> <span class='ocrx_word' id='word_1_130' title='bbox 737 1132 1031 1168; x_wconf 86' lang='lat' dir='ltr'><strong>adscribendam</strong></span> <span class='ocrx_word' id='word_1_131' title='bbox 1058 1142 1165 1179; x_wconf 87' lang='lat' dir='ltr'><strong>esse,</strong></span> <span class='ocrx_word' id='word_1_132' title='bbox 1194 1130 1297 1178; x_wconf 85' lang='lat' dir='ltr'><strong>quod</strong></span> <span class='ocrx_word' id='word_1_133' title='bbox 1322 1131 1356 1166; x_wconf 92' lang='lat' dir='ltr'><strong>is</strong></span> <span class='ocrx_word' id='word_1_134' title='bbox 1384 1130 1526 1177; x_wconf 82' lang='lat' dir='ltr'><strong>scripta</strong></span> 
     </span>
     <span class='ocr_line' id='line_1_17' title="bbox 192 1186 1526 1242; baseline -0.005 -10"><span class='ocrx_word' id='word_1_135' title='bbox 192 1207 262 1232; x_wconf 86' lang='lat' dir='ltr'><strong>sua</strong></span> <span class='ocrx_word' id='word_1_136' title='bbox 300 1195 472 1232; x_wconf 90' lang='lat' dir='ltr'><strong>nondum</strong></span> <span class='ocrx_word' id='word_1_137' title='bbox 506 1194 627 1230; x_wconf 88' lang='lat' dir='ltr'><strong>voluit</strong></span> <span class='ocrx_word' id='word_1_138' title='bbox 662 1194 806 1241; x_wconf 86' lang='lat' dir='ltr'><strong>publici</strong></span> <span class='ocrx_word' id='word_1_139' title='bbox 837 1193 936 1239; x_wconf 84' lang='lat' dir='ltr'><strong>juris</strong></span> <span class='ocrx_word' id='word_1_140' title='bbox 971 1194 1097 1229; x_wconf 80' lang='lat' dir='ltr'><strong>facere</strong></span> <span class='ocrx_word' id='word_1_141' title='bbox 1125 1187 1190 1242; x_wconf 78' lang='lat' dir='ltr'><strong>(v,</strong></span> <span class='ocrx_word' id='word_1_142' title='bbox 1219 1186 1333 1242; x_wconf 83' lang='lat'><strong>71.);</strong></span> <span class='ocrx_word' id='word_1_143' title='bbox 1368 1191 1526 1227; x_wconf 82' lang='lat' dir='ltr'><strong>afferam</strong></span> 
     </span>
     <span class='ocr_line' id='line_1_18' title="bbox 190 1251 1525 1305; baseline -0.005 -12"><span class='ocrx_word' id='word_1_144' title='bbox 190 1257 321 1305; x_wconf 88' lang='lat' dir='ltr'><strong>potius</strong></span> <span class='ocrx_word' id='word_1_145' title='bbox 363 1256 578 1292; x_wconf 83' lang='lat' dir='ltr'><strong>disertiora.</strong></span> <span class='ocrx_word' id='word_1_146' title='bbox 643 1255 789 1302; x_wconf 83' lang='lat' dir='ltr'><strong>Nequit</strong></span> <span class='ocrx_word' id='word_1_147' title='bbox 825 1254 944 1290; x_wconf 88' lang='lat' dir='ltr'><strong>satira</strong></span> <span class='ocrx_word' id='word_1_148' title='bbox 983 1255 1068 1289; x_wconf 89' lang='lat' dir='ltr'><strong>orta</strong></span> <span class='ocrx_word' id='word_1_149' title='bbox 1104 1263 1190 1288; x_wconf 86' lang='lat' dir='ltr'><strong>esse</strong></span> <span class='ocrx_word' id='word_1_150' title='bbox 1231 1254 1321 1299; x_wconf 89' lang='lat' dir='ltr'><strong>post</strong></span> <span class='ocrx_word' id='word_1_151' title='bbox 1355 1262 1388 1287; x_wconf 93' lang='lat' dir='ltr'><strong>a.</strong></span> <span class='ocrx_word' id='word_1_152' title='bbox 1425 1251 1525 1300; x_wconf 63' lang='lat'><strong>716„</strong></span> 
     </span>
     <span class='ocr_line' id='line_1_19' title="bbox 191 1312 1526 1366; baseline -0.005 -11"><span class='ocrx_word' id='word_1_153' title='bbox 191 1329 269 1366; x_wconf 93' lang='lat' dir='ltr'><strong>quo</strong></span> <span class='ocrx_word' id='word_1_154' title='bbox 312 1317 562 1354; x_wconf 85' lang='lat' dir='ltr'><strong>recitationes</strong></span> <span class='ocrx_word' id='word_1_155' title='bbox 615 1316 792 1364; x_wconf 82' lang='lat' dir='ltr'><strong>publicae</strong></span> <span class='ocrx_word' id='word_1_156' title='bbox 837 1315 885 1351; x_wconf 91' lang='lat' dir='ltr'><strong>ab</strong></span> <span class='ocrx_word' id='word_1_157' title='bbox 928 1315 1067 1351; x_wconf 87' lang='lat' dir='ltr'><strong>Asinio</strong></span> <span class='ocrx_word' id='word_1_158' title='bbox 1110 1312 1282 1349; x_wconf 89' lang='lat' dir='ltr'><strong>Pollione</strong></span> <span class='ocrx_word' id='word_1_159' title='bbox 1325 1312 1526 1349; x_wconf 84' lang='lat' dir='ltr'><strong>institutae</strong></span> 
     </span>
     <span class='ocr_line' id='line_1_20' title="bbox 193 1373 1525 1432; baseline -0.005 -17"><span class='ocrx_word' id='word_1_160' title='bbox 193 1376 360 1432; x_wconf 74' lang='lat' dir='ltr'><strong>sunt‘).</strong></span> <span class='ocrx_word' id='word_1_161' title='bbox 421 1380 501 1415; x_wconf 86' lang='lat' dir='ltr'><strong>Has</strong></span> <span class='ocrx_word' id='word_1_162' title='bbox 546 1378 649 1414; x_wconf 90' lang='lat' dir='ltr'><strong>enim</strong></span> <span class='ocrx_word' id='word_1_163' title='bbox 682 1376 855 1412; x_wconf 91' lang='lat' dir='ltr'><strong>nondum</strong></span> <span class='ocrx_word' id='word_1_164' title='bbox 890 1376 1064 1413; x_wconf 87' lang='lat' dir='ltr'><strong>conditas</strong></span> <span class='ocrx_word' id='word_1_165' title='bbox 1100 1376 1139 1410; x_wconf 86' lang='lat' dir='ltr'><strong>et</strong></span> <span class='ocrx_word' id='word_1_166' title='bbox 1173 1374 1370 1410; x_wconf 85' lang='lat' dir='ltr'><strong>ordinatas</strong></span> <span class='ocrx_word' id='word_1_167' title='bbox 1405 1373 1525 1410; x_wconf 80' lang='lat' dir='ltr'><strong>fuisse</strong></span> 
     </span>
     <span class='ocr_line' id='line_1_21' title="bbox 191 1439 734 1487; baseline -0.007 -10"><span class='ocrx_word' id='word_1_168' title='bbox 191 1441 423 1487; x_wconf 86' lang='lat' dir='ltr'><strong>intelligitur</strong></span> <span class='ocrx_word' id='word_1_169' title='bbox 448 1451 469 1476; x_wconf 92' lang='lat' dir='ltr'><strong>e</strong></span> <span class='ocrx_word' id='word_1_170' title='bbox 496 1451 552 1475; x_wconf 78' lang='lat' dir='ltr'><strong>vs.</strong></span> <span class='ocrx_word' id='word_1_171' title='bbox 582 1439 629 1474; x_wconf 82' lang='lat'><strong>74</strong></span> <span class='ocrx_word' id='word_1_172' title='bbox 657 1448 734 1485; x_wconf 89' lang='lat' dir='ltr'><strong>sq.:</strong></span> 
     </span>
     <span class='ocr_line' id='line_1_22' title="bbox 859 1498 1151 1545; baseline -0.01 -9"><span class='ocrx_word' id='word_1_173' title='bbox 859 1499 904 1536; x_wconf 90' lang='lat' dir='ltr'><strong>In</strong></span> <span class='ocrx_word' id='word_1_174' title='bbox 931 1498 1058 1535; x_wconf 89' lang='lat' dir='ltr'><strong>medio</strong></span> <span class='ocrx_word' id='word_1_175' title='bbox 1085 1498 1151 1545; x_wconf 90' lang='lat' dir='ltr'><strong>qui</strong></span> 
     </span>
    </p>

    <p class='ocr_par' dir='ltr' id='par_1_3' title="bbox 393 1557 1525 1611">
     <span class='ocr_line' id='line_1_23' title="bbox 393 1557 1525 1611; baseline -0.008 -10"><span class='ocrx_word' id='word_1_176' title='bbox 393 1565 543 1611; x_wconf 85' lang='lat' dir='ltr'><strong>Scripta</strong></span> <span class='ocrx_word' id='word_1_177' title='bbox 569 1565 652 1599; x_wconf 90' lang='lat' dir='ltr'><strong>foro</strong></span> <span class='ocrx_word' id='word_1_178' title='bbox 679 1562 864 1610; x_wconf 78' lang='lat' dir='ltr'><strong>recitent,</strong></span> <span class='ocrx_word' id='word_1_179' title='bbox 893 1562 982 1596; x_wconf 89' lang='lat' dir='ltr'><strong>sunt</strong></span> <span class='ocrx_word' id='word_1_180' title='bbox 1008 1559 1131 1608; x_wconf 88' lang='lat' dir='ltr'><strong>multi,</strong></span> <span class='ocrx_word' id='word_1_181' title='bbox 1160 1558 1302 1605; x_wconf 90' lang='lat' dir='ltr'><strong>quique</strong></span> <span class='ocrx_word' id='word_1_182' title='bbox 1329 1557 1503 1593; x_wconf 85' lang='lat' dir='ltr'><strong>lavantes</strong></span> <span class='ocrx_word' id='word_1_183' title='bbox 1510 1569 1525 1603; x_wconf 83' lang='lat'><strong>,-</strong></span> 
     </span>
    </p>

    <p class='ocr_par' dir='ltr' id='par_1_4' title="bbox 394 1618 1385 1661">
     <span class='ocr_line' id='line_1_24' title="bbox 394 1618 1385 1661; baseline -0.009 0"><span class='ocrx_word' id='word_1_184' title='bbox 394 1626 519 1661; x_wconf 89' lang='lat' dir='ltr'><strong>Suave</strong></span> <span class='ocrx_word' id='word_1_185' title='bbox 546 1625 652 1660; x_wconf 87' lang='lat' dir='ltr'><strong>locus</strong></span> <span class='ocrx_word' id='word_1_186' title='bbox 680 1623 766 1659; x_wconf 85' lang='lat' dir='ltr'><strong>voci</strong></span> <span class='ocrx_word' id='word_1_187' title='bbox 792 1624 949 1658; x_wconf 83' lang='lat' dir='ltr'><strong>resonat</strong></span> <span class='ocrx_word' id='word_1_188' title='bbox 979 1620 1192 1656; x_wconf 85' lang='lat' dir='ltr'><strong>conclusus.</strong></span> <span class='ocrx_word' id='word_1_189' title='bbox 1245 1618 1385 1654; x_wconf 88' lang='lat' dir='ltr'><strong>Inanes</strong></span> 
     </span>
    </p>

    <p class='ocr_par' dir='ltr' id='par_1_5' title="bbox 392 1678 1524 1734">
     <span class='ocr_line' id='line_1_25' title="bbox 392 1678 1524 1734; baseline -0.008 -12"><span class='ocrx_word' id='word_1_190' title='bbox 392 1687 477 1722; x_wconf 90' lang='lat' dir='ltr'><strong>Hoc</strong></span> <span class='ocrx_word' id='word_1_191' title='bbox 497 1686 631 1734; x_wconf 80' lang='lat' dir='ltr'><strong>juvat3</strong></span> <span class='ocrx_word' id='word_1_192' title='bbox 659 1684 762 1720; x_wconf 89' lang='lat' dir='ltr'><strong>haud</strong></span> <span class='ocrx_word' id='word_1_193' title='bbox 788 1683 883 1719; x_wconf 89' lang='lat' dir='ltr'><strong>illud</strong></span> <span class='ocrx_word' id='word_1_194' title='bbox 910 1683 1153 1730; x_wconf 73' lang='lat' dir='ltr'><strong>quaerentes,</strong></span> <span class='ocrx_word' id='word_1_195' title='bbox 1181 1690 1272 1715; x_wconf 89' lang='lat' dir='ltr'><strong>num</strong></span> <span class='ocrx_word' id='word_1_196' title='bbox 1292 1678 1375 1715; x_wconf 78' lang='lat' dir='ltr'><strong>sine</strong></span> <span class='ocrx_word' id='word_1_197' title='bbox 1394 1688 1524 1727; x_wconf 86' lang='lat' dir='ltr'><strong>sensu,</strong></span> 
     </span>
    </p>

    <p class='ocr_par' dir='ltr' id='par_1_6' title="bbox 192 1744 1525 2092">
     <span class='ocr_line' id='line_1_26' title="bbox 392 1744 1034 1794; baseline -0.008 -11"><span class='ocrx_word' id='word_1_198' title='bbox 392 1747 583 1794; x_wconf 84' lang='lat' dir='ltr'><strong>Tempore</strong></span> <span class='ocrx_word' id='word_1_199' title='bbox 609 1757 702 1781; x_wconf 89' lang='lat' dir='ltr'><strong>num</strong></span> <span class='ocrx_word' id='word_1_200' title='bbox 729 1745 870 1781; x_wconf 82' lang='lat' dir='ltr'><strong>saciant</strong></span> <span class='ocrx_word' id='word_1_201' title='bbox 897 1744 1034 1779; x_wconf 88' lang='lat' dir='ltr'><strong>alieno.</strong></span> 
     </span>
     <span class='ocr_line' id='line_1_27' title="bbox 192 1800 1525 1853; baseline -0.008 -6"><span class='ocrx_word' id='word_1_202' title='bbox 192 1810 268 1848; x_wconf 87' lang='lat' dir='ltr'><strong>Vix</strong></span> <span class='ocrx_word' id='word_1_203' title='bbox 294 1809 398 1845; x_wconf 88' lang='lat' dir='ltr'><strong>enim</strong></span> <span class='ocrx_word' id='word_1_204' title='bbox 424 1810 532 1844; x_wconf 89' lang='lat' dir='ltr'><strong>tanta</strong></span> <span class='ocrx_word' id='word_1_205' title='bbox 560 1819 645 1844; x_wconf 85' lang='lat' dir='ltr'><strong>cum</strong></span> <span class='ocrx_word' id='word_1_206' title='bbox 681 1805 966 1853; x_wconf 86' lang='lat' dir='ltr'><strong>contemptione</strong></span> <span class='ocrx_word' id='word_1_207' title='bbox 1002 1805 1103 1841; x_wconf 89' lang='lat' dir='ltr'><strong>hunc</strong></span> <span class='ocrx_word' id='word_1_208' title='bbox 1138 1813 1284 1840; x_wconf 88' lang='lat' dir='ltr'><strong>morem</strong></span> <span class='ocrx_word' id='word_1_209' title='bbox 1312 1800 1525 1850; x_wconf 86' lang='lat' dir='ltr'><strong>derisisset,</strong></span> 
     </span>
     <span class='ocr_line' id='line_1_28' title="bbox 194 1861 1525 1916; baseline -0.008 -8"><span class='ocrx_word' id='word_1_210' title='bbox 194 1872 229 1908; x_wconf 84' lang='lat' dir='ltr'><strong>si</strong></span> <span class='ocrx_word' id='word_1_211' title='bbox 266 1870 448 1907; x_wconf 85' lang='lat' dir='ltr'><strong>Pollionis</strong></span> <span class='ocrx_word' id='word_1_212' title='bbox 494 1869 804 1916; x_wconf 75' lang='lat' dir='ltr'><strong>commissiones,</strong></span> <span class='ocrx_word' id='word_1_213' title='bbox 850 1877 947 1914; x_wconf 84' lang='lat' dir='ltr'><strong>quae</strong></span> <span class='ocrx_word' id='word_1_214' title='bbox 993 1868 1032 1901; x_wconf 89' lang='lat' dir='ltr'><strong>et</strong></span> <span class='ocrx_word' id='word_1_215' title='bbox 1075 1864 1299 1901; x_wconf 89' lang='lat' dir='ltr'><strong>oriebantur</strong></span> <span class='ocrx_word' id='word_1_216' title='bbox 1339 1861 1525 1899; x_wconf 88' lang='lat' dir='ltr'><strong>laudabili</strong></span> 
     </span>
     <span class='ocr_line' id='line_1_29' title="bbox 193 1923 1525 1970; baseline -0.009 -1"><span class='ocrx_word' id='word_1_217' title='bbox 193 1932 362 1969; x_wconf 88' lang='lat' dir='ltr'><strong>auctoris</strong></span> <span class='ocrx_word' id='word_1_218' title='bbox 398 1931 558 1967; x_wconf 91' lang='lat' dir='ltr'><strong>consilio</strong></span> <span class='ocrx_word' id='word_1_219' title='bbox 594 1932 632 1966; x_wconf 87' lang='lat' dir='ltr'><strong>et</strong></span> <span class='ocrx_word' id='word_1_220' title='bbox 672 1928 863 1966; x_wconf 88' lang='lat' dir='ltr'><strong>communi</strong></span> <span class='ocrx_word' id='word_1_221' title='bbox 899 1927 1096 1964; x_wconf 89' lang='lat' dir='ltr'><strong>hominum</strong></span> <span class='ocrx_word' id='word_1_222' title='bbox 1150 1925 1350 1961; x_wconf 89' lang='lat' dir='ltr'><strong>doctorum</strong></span> <span class='ocrx_word' id='word_1_223' title='bbox 1388 1923 1525 1970; x_wconf 89' lang='lat' dir='ltr'><strong>plausu</strong></span> 
     </span>
     <span class='ocr_line' id='line_1_30' title="bbox 195 1983 1525 2041; baseline -0.008 -11"><span class='ocrx_word' id='word_1_224' title='bbox 195 1992 509 2041; x_wconf 81' lang='lat' dir='ltr'><strong>excipiebantur,</strong></span> <span class='ocrx_word' id='word_1_225' title='bbox 539 1991 622 2037; x_wconf 84' lang='lat' dir='ltr'><strong>jam</strong></span> <span class='ocrx_word' id='word_1_226' title='bbox 656 1990 911 2026; x_wconf 76' lang='lat' dir='ltr'><strong>invaluisscnt</strong></span> <span class='ocrx_word' id='word_1_227' title='bbox 947 1991 985 2025; x_wconf 89' lang='lat' dir='ltr'><strong>et</strong></span> <span class='ocrx_word' id='word_1_228' title='bbox 1019 1987 1172 2035; x_wconf 87' lang='lat' dir='ltr'><strong>publice</strong></span> <span class='ocrx_word' id='word_1_229' title='bbox 1208 1985 1319 2033; x_wconf 88' lang='lat' dir='ltr'><strong>quasi</strong></span> <span class='ocrx_word' id='word_1_230' title='bbox 1355 1983 1525 2021; x_wconf 86' lang='lat' dir='ltr'><strong>sancitae</strong></span> 
     </span>
     <span class='ocr_line' id='line_1_31' title="bbox 193 2054 370 2092; baseline -0.017 0"><span class='ocrx_word' id='word_1_231' title='bbox 193 2054 370 2092; x_wconf 74' lang='lat' dir='ltr'><strong>fuissent.</strong></span> 
     </span>
    </p>

    <p class='ocr_par' dir='ltr' id='par_1_7' title="bbox 295 2106 1526 2155">
     <span class='ocr_line' id='line_1_32' title="bbox 295 2106 1526 2155; baseline -0.01 -3"><span class='ocrx_word' id='word_1_232' title='bbox 295 2116 367 2152; x_wconf 90' lang='lat' dir='ltr'><strong>His</strong></span> <span class='ocrx_word' id='word_1_233' title='bbox 398 2114 613 2152; x_wconf 85' lang='lat' dir='ltr'><strong>rationibus</strong></span> <span class='ocrx_word' id='word_1_234' title='bbox 648 2113 765 2149; x_wconf 81' lang='lat' dir='ltr'><strong>fultus</strong></span> <span class='ocrx_word' id='word_1_235' title='bbox 801 2112 841 2148; x_wconf 89' lang='lat' dir='ltr'><strong>in</strong></span> <span class='ocrx_word' id='word_1_236' title='bbox 877 2122 962 2147; x_wconf 86' lang='lat' dir='ltr'><strong>eam</strong></span> <span class='ocrx_word' id='word_1_237' title='bbox 996 2109 1168 2146; x_wconf 87' lang='lat' dir='ltr'><strong>adducor</strong></span> <span class='ocrx_word' id='word_1_238' title='bbox 1194 2106 1447 2155; x_wconf 86' lang='lat' dir='ltr'><strong>sententiam,</strong></span> <span class='ocrx_word' id='word_1_239' title='bbox 1482 2106 1526 2140; x_wconf 83' lang='lat' dir='ltr'><strong>ut</strong></span> 
     </span>
    </p>

    <p class='ocr_par' dir='ltr' id='par_1_8' title="bbox 194 2167 1523 2287">
     <span class='ocr_line' id='line_1_33' title="bbox 197 2167 1523 2219; baseline -0.009 -5"><span class='ocrx_word' id='word_1_240' title='bbox 197 2177 354 2214; x_wconf 81' lang='lat' dir='ltr'><strong>satiram</strong></span> <span class='ocrx_word' id='word_1_241' title='bbox 381 2177 414 2212; x_wconf 90' lang='lat'><strong>4.</strong></span> <span class='ocrx_word' id='word_1_242' title='bbox 443 2187 522 2213; x_wconf 90' lang='lat' dir='ltr'><strong>non</strong></span> <span class='ocrx_word' id='word_1_243' title='bbox 547 2176 602 2212; x_wconf 85' lang='lat' dir='ltr'><strong>ita</strong></span> <span class='ocrx_word' id='word_1_244' title='bbox 634 2176 758 2211; x_wconf 78' lang='lat' dir='ltr'><strong>mullo</strong></span> <span class='ocrx_word' id='word_1_245' title='bbox 790 2178 881 2219; x_wconf 80' lang='lat' dir='ltr'><strong>post</strong></span> <span class='ocrx_word' id='word_1_246' title='bbox 912 2174 1070 2209; x_wconf 78' lang='lat' dir='ltr'><strong>tertiam</strong></span> <span class='ocrx_word' id='word_1_247' title='bbox 1106 2181 1143 2206; x_wconf 88' lang='grc' dir='ltr'><strong>α.</strong></span> <span class='ocrx_word' id='word_1_248' title='bbox 1181 2170 1285 2206; x_wconf 79' lang='lat'><strong>716.</strong></span> <span class='ocrx_word' id='word_1_249' title='bbox 1322 2167 1523 2214; x_wconf 75' lang='lat' dir='ltr'><strong>composi-</strong></span> 
     </span>
     <span class='ocr_line' id='line_1_34' title="bbox 194 2225 1523 2287; baseline -0.011 -11"><span class='ocrx_word' id='word_1_250' title='bbox 194 2244 279 2277; x_wconf 75' lang='lat' dir='ltr'><strong>{am</strong></span> <span class='ocrx_word' id='word_1_251' title='bbox 296 2249 382 2275; x_wconf 79' lang='lat' dir='ltr'><strong>esse</strong></span> <span class='ocrx_word' id='word_1_252' title='bbox 408 2241 571 2274; x_wconf 79' lang='lat' dir='ltr'><strong>credam</strong></span> <span class='ocrx_word' id='word_1_253' title='bbox 597 2233 721 2287; x_wconf 87' lang='lat' dir='ltr'><strong>(Male</strong></span> <span class='ocrx_word' id='word_1_254' title='bbox 751 2234 896 2270; x_wconf 85' lang='lat' dir='ltr'><strong>Grotcf.</strong></span> <span class='ocrx_word' id='word_1_255' title='bbox 926 2244 962 2280; x_wconf 90' lang='lat' dir='ltr'><strong>p.</strong></span> <span class='ocrx_word' id='word_1_256' title='bbox 983 2231 1067 2267; x_wconf 88' lang='grc'><strong>461.</strong></span> <span class='ocrx_word' id='word_1_257' title='bbox 1088 2231 1124 2267; x_wconf 91' lang='lat' dir='ltr'><strong>b.</strong></span> <span class='ocrx_word' id='word_1_258' title='bbox 1146 2240 1232 2266; x_wconf 88' lang='lat' dir='ltr'><strong>ann.</strong></span> <span class='ocrx_word' id='word_1_259' title='bbox 1252 2225 1372 2279; x_wconf 62' lang='lat'><strong>718.)</strong></span> <span class='ocrx_word' id='word_1_260' title='bbox 1424 2227 1523 2264; x_wconf 89' lang='lat' dir='ltr'><strong>Tum</strong></span> 
     </span>
    </p>
   </div>
   <div class='ocr_carea' id='block_1_3' title="bbox 197 2294 1042 2345">
    <p class='ocr_par' dir='ltr' id='par_1_9' title="bbox 197 2294 1042 2345">
     <span class='ocr_line' id='line_1_35' title="bbox 197 2294 1042 2345; baseline -0.012 -7"><span class='ocrx_word' id='word_1_261' title='bbox 197 2299 346 2338; x_wconf 82' lang='lat' dir='ltr'><strong>facilem</strong></span> <span class='ocrx_word' id='word_1_262' title='bbox 375 2298 606 2345; x_wconf 81' lang='lat' dir='ltr'><strong>explicatum</strong></span> <span class='ocrx_word' id='word_1_263' title='bbox 633 2296 777 2333; x_wconf 84' lang='lat' dir='ltr'><strong>habent</strong></span> <span class='ocrx_word' id='word_1_264' title='bbox 804 2307 858 2330; x_wconf 80' lang='lat' dir='ltr'><strong>vs.</strong></span> <span class='ocrx_word' id='word_1_265' title='bbox 887 2294 933 2330; x_wconf 84' lang='lat'><strong>‘21</strong></span> <span class='ocrx_word' id='word_1_266' title='bbox 964 2304 1042 2340; x_wconf 88' lang='lat' dir='ltr'><strong>sq.:</strong></span> 
     </span>
    </p>
   </div>
   <div class='ocr_carea' id='block_1_4' title="bbox 198 2383 463 2393">
    <p class='ocr_par' dir='ltr' id='par_1_10' title="bbox 198 2383 463 2393">
     <span class='ocr_line' id='line_1_36' title="bbox 198 2383 463 2393; baseline 0 488"><span class='ocrx_word' id='word_1_267' title='bbox 198 2383 463 2393; x_wconf 95' lang='lat' dir='ltr'><strong> </strong></span> 
     </span>
    </p>
   </div>
   <div class='ocr_carea' id='block_1_5' title="bbox 198 2393 1517 2541">
    <p class='ocr_par' dir='ltr' id='par_1_11' title="bbox 198 2393 1517 2541">
     <span class='ocr_line' id='line_1_37' title="bbox 287 2393 1517 2458; baseline -0.01 -10"><span class='ocrx_word' id='word_1_268' title='bbox 287 2419 325 2458; x_wconf 81' lang='grc'><strong>6)</strong></span> <span class='ocrx_word' id='word_1_269' title='bbox 348 2427 380 2448; x_wconf 89' lang='lat' dir='ltr'><strong>v.</strong></span> <span class='ocrx_word' id='word_1_270' title='bbox 402 2415 498 2447; x_wconf 65' lang='lat' dir='ltr'><strong>Bfihr.</strong></span> <span class='ocrx_word' id='word_1_271' title='bbox 522 2415 597 2445; x_wconf 83' lang='lat' dir='ltr'><strong>hist.</strong></span> <span class='ocrx_word' id='word_1_272' title='bbox 622 2415 669 2445; x_wconf 85' lang='lat' dir='ltr'><strong>lit.</strong></span> <span class='ocrx_word' id='word_1_273' title='bbox 693 2414 785 2445; x_wconf 88' lang='lat' dir='ltr'><strong>Rom.</strong></span> <span class='ocrx_word' id='word_1_274' title='bbox 810 2423 841 2453; x_wconf 88' lang='lat' dir='ltr'><strong>p.</strong></span> <span class='ocrx_word' id='word_1_275' title='bbox 866 2412 920 2444; x_wconf 85' lang='lat'><strong>37.</strong></span> <span class='ocrx_word' id='word_1_276' title='bbox 945 2393 1010 2442; x_wconf 83' lang='lat' dir='ltr'><strong>not.</strong></span> <span class='ocrx_word' id='word_1_277' title='bbox 1035 2409 1067 2441; x_wconf 81' lang='lat'><strong>9.</strong></span> <span class='ocrx_word' id='word_1_278' title='bbox 1091 2407 1295 2447; x_wconf 82' lang='lat' dir='ltr'><strong>Bernhardy,</strong></span> <span class='ocrx_word' id='word_1_279' title='bbox 1329 2405 1404 2436; x_wconf 74' lang='lat' dir='ltr'><strong>hist.</strong></span> <span class='ocrx_word' id='word_1_280' title='bbox 1429 2405 1517 2436; x_wconf 75' lang='lat' dir='ltr'><strong>Rom.</strong></span> 
     </span>
     <span class='ocr_line' id='line_1_38' title="bbox 198 2448 1508 2504; baseline -0.012 -9"><span class='ocrx_word' id='word_1_281' title='bbox 198 2465 246 2496; x_wconf 80' lang='lat' dir='ltr'><strong>lit.</strong></span> <span class='ocrx_word' id='word_1_282' title='bbox 283 2473 315 2504; x_wconf 82' lang='lat' dir='ltr'><strong>p.</strong></span> <span class='ocrx_word' id='word_1_283' title='bbox 349 2461 428 2494; x_wconf 85' lang='lat'><strong>105.</strong></span> <span class='ocrx_word' id='word_1_284' title='bbox 464 2461 529 2490; x_wconf 89' lang='lat' dir='ltr'><strong>not.</strong></span> <span class='ocrx_word' id='word_1_285' title='bbox 563 2458 639 2490; x_wconf 86' lang='lat'><strong>190.</strong></span> <span class='ocrx_word' id='word_1_286' title='bbox 675 2457 864 2489; x_wconf 80' lang='lat' dir='ltr'><strong>Thorbecke</strong></span> <span class='ocrx_word' id='word_1_287' title='bbox 903 2456 942 2486; x_wconf 83' lang='lat' dir='ltr'><strong>de</strong></span> <span class='ocrx_word' id='word_1_288' title='bbox 976 2455 1066 2486; x_wconf 78' lang='lat' dir='ltr'><strong>Asin.</strong></span> <span class='ocrx_word' id='word_1_289' title='bbox 1107 2454 1187 2485; x_wconf 81' lang='lat' dir='ltr'><strong>Poll.</strong></span> <span class='ocrx_word' id='word_1_290' title='bbox 1222 2462 1253 2493; x_wconf 90' lang='lat' dir='ltr'><strong>p.</strong></span> <span class='ocrx_word' id='word_1_291' title='bbox 1289 2450 1342 2481; x_wconf 72' lang='lat'><strong>42.</strong></span> <span class='ocrx_word' id='word_1_292' title='bbox 1378 2454 1410 2480; x_wconf 89' lang='lat' dir='ltr'><strong>et</strong></span> <span class='ocrx_word' id='word_1_293' title='bbox 1446 2448 1508 2481; x_wconf 82' lang='grc'>106</span> 
     </span>
     <span class='ocr_line' id='line_1_39' title="bbox 199 2493 1515 2541; baseline -0.012 -2"><span class='ocrx_word' id='word_1_294' title='bbox 199 2508 239 2540; x_wconf 87' lang='grc' dir='ltr'><strong>Ε.</strong></span> <span class='ocrx_word' id='word_1_295' title='bbox 265 2507 339 2538; x_wconf 88' lang='lat' dir='ltr'><strong>Chr.</strong></span> <span class='ocrx_word' id='word_1_296' title='bbox 364 2505 406 2538; x_wconf 87' lang='lat' dir='ltr'><strong>G.</strong></span> <span class='ocrx_word' id='word_1_297' title='bbox 428 2504 564 2541; x_wconf 81' lang='lat' dir='ltr'><strong>Weber,</strong></span> <span class='ocrx_word' id='word_1_298' title='bbox 589 2504 755 2534; x_wconf 86' lang='lat' dir='ltr'><strong>comment.</strong></span> <span class='ocrx_word' id='word_1_299' title='bbox 789 2501 830 2531; x_wconf 86' lang='lat' dir='ltr'><strong>de</strong></span> <span class='ocrx_word' id='word_1_300' title='bbox 861 2502 962 2540; x_wconf 87' lang='lat' dir='ltr'><strong>poett.</strong></span> <span class='ocrx_word' id='word_1_301' title='bbox 994 2500 1085 2529; x_wconf 85' lang='lat' dir='ltr'><strong>Rom.</strong></span> <span class='ocrx_word' id='word_1_302' title='bbox 1118 2497 1246 2528; x_wconf 74' lang='lat' dir='ltr'><strong>recitat.</strong></span> <span class='ocrx_word' id='word_1_303' title='bbox 1278 2494 1396 2525; x_wconf 74' lang='lat' dir='ltr'><strong>Vimar‘.</strong></span> <span class='ocrx_word' id='word_1_304' title='bbox 1420 2493 1515 2527; x_wconf 77' lang='lat'><strong>1828.</strong></span> 
     </span>
    </p>
   </div>
   <div class='ocr_carea' id='block_1_6' title="bbox 200 2543 985 2594">
    <p class='ocr_par' dir='ltr' id='par_1_12' title="bbox 200 2543 985 2594">
     <span class='ocr_line' id='line_1_40' title="bbox 200 2543 985 2594; baseline -0.017 -8"><span class='ocrx_word' id='word_1_305' title='bbox 200 2552 232 2586; x_wconf 68' lang='grc' dir='ltr'><strong>Δ.</strong></span> <span class='ocrx_word' id='word_1_306' title='bbox 256 2562 287 2594; x_wconf 82' lang='lat' dir='ltr'><strong>p.</strong></span> <span class='ocrx_word' id='word_1_307' title='bbox 311 2552 332 2585; x_wconf 76' lang='lat'>4</span> <span class='ocrx_word' id='word_1_308' title='bbox 355 2561 402 2592; x_wconf 88' lang='lat' dir='ltr'><strong>sq.</strong></span> <span class='ocrx_word' id='word_1_309' title='bbox 447 2549 582 2580; x_wconf 75' lang='lat' dir='ltr'><strong>Passov.</strong></span> <span class='ocrx_word' id='word_1_310' title='bbox 605 2547 663 2578; x_wconf 73' lang='lat' dir='ltr'><strong>vit.</strong></span> <span class='ocrx_word' id='word_1_311' title='bbox 688 2549 753 2577; x_wconf 89' lang='lat' dir='ltr'><strong>not.</strong></span> <span class='ocrx_word' id='word_1_312' title='bbox 779 2544 855 2576; x_wconf 82' lang='lat'><strong>137.</strong></span> <span class='ocrx_word' id='word_1_313' title='bbox 879 2554 908 2585; x_wconf 70' lang='grc' dir='ltr'><strong>[ν.</strong></span> <span class='ocrx_word' id='word_1_314' title='bbox 933 2543 985 2575; x_wconf 82' lang='lat'><strong>48.</strong></span> 
     </span>
    </p>
   </div>
   <div class='ocr_carea' id='block_1_7' title="bbox 1655 217 1665 277">
    <p class='ocr_par' dir='ltr' id='par_1_13' title="bbox 1655 217 1665 277">
     <span class='ocr_line' id='line_1_41' title="bbox 1655 217 1665 277; textangle 90"><span class='ocrx_word' id='word_1_315' title='bbox 1655 217 1665 277; x_wconf 48' lang='lat' dir='ltr'><strong>«a.</strong></span> 
     </span>
    </p>
   </div>
   <div class='ocr_carea' id='block_1_8' title="bbox 1663 1000 1671 1198">
    <p class='ocr_par' dir='ltr' id='par_1_14' title="bbox 1663 1000 1671 1198">
     <span class='ocr_line' id='line_1_42' title="bbox 1663 1000 1671 1198; textangle 90"><span class='ocrx_word' id='word_1_316' title='bbox 1663 1195 1665 1198; x_wconf 33' lang='grc' dir='ltr'><strong>Δ</strong></span> <span class='ocrx_word' id='word_1_317' title='bbox 1663 1103 1671 1182; x_wconf 34' lang='grc' dir='ltr'><strong>..ᾳ-,4</strong></span> <span class='ocrx_word' id='word_1_318' title='bbox 1663 1069 1670 1090; x_wconf 55' lang='lat'><strong>2—</strong></span> <span class='ocrx_word' id='word_1_319' title='bbox 1668 1026 1669 1029; x_wconf 62' lang='lat'><em>„</em></span> <span class='ocrx_word' id='word_1_320' title='bbox 1665 1000 1669 1009; x_wconf 80' lang='grc'><em>-</em></span> 
     </span>
    </p>
   </div>
   <div class='ocr_carea' id='block_1_9' title="bbox 1688 2258 1689 2881">
    <p class='ocr_par' dir='ltr' id='par_1_15' title="bbox 1688 2258 1689 2881">
     <span class='ocr_line' id='line_1_43' title="bbox 1688 2258 1689 2881; baseline 0 0"><span class='ocrx_word' id='word_1_321' title='bbox 1688 2258 1689 2881; x_wconf 95' lang='lat' dir='ltr'><strong> </strong></span> 
     </span>
    </p>
   </div>
  </div>
 </body>
</html>
