1659 2948
678 216 953 255 -4„

155 330 372 367 admodum
395 324 563 375 ycssisse
589 334 728 362 censeo
747 330 784 362 et
801 324 859 362 ita
878 333 905 360 a
922 331 1015 359 vero
1037 323 1260 374 aberrasse,
1285 325 1330 362 ul
1345 325 1471 362 Bent-

152 390 221 437 leje·
244 391 478 428 vaticinium
503 386 679 423 mirabili
700 387 824 432 plane
860 394 962 418 casu
990 384 1045 418 ad
1075 384 1181 420 hunc
1214 396 1342 434 usque
1368 388 1472 423 diem

153 451 335 488 evenerit.
386 451 562 487 Miratus
587 447 693 483 enim
719 445 929 491 utriusque
953 443 1030 479 ciri
1055 441 1355 495 confidentiam,
1389 457 1472 495 qua

151 523 271 550 suam
296 512 464 560 quisque
489 508 687 544 rationem
711 508 908 552 tanquam
933 513 1071 540 veram
1097 508 1135 541 et
1159 509 1307 542 certam
1322 516 1471 553 propo—

151 576 232 611 suit
234 601 251 622 2
287 576 500 620 postquam
524 566 739 603 Kirchneri
760 565 1011 612 potissimum
1045 571 1285 613 aryumenta
1310 568 1473 603 eoeami-

149 645 252 671 nare
277 634 399 678 coepi,
424 629 561 664 videor
586 627 683 663 milii
708 626 969 674 intelleoeisse,
996 636 1089 662 cum
1115 630 1264 663 certam
1293 628 1474 674 aliquam

151 697 286 731 deesse
309 699 508 737 normam,
535 690 591 724 ad
613 698 739 736 qicam
765 691 848 724 tota
874 687 1115 734 computatio
1143 688 1355 736 diriyenda
1377 685 1473 733 fue-

148 757 200 791 rit
203 781 218 801 ,
257 758 342 790 tum
366 752 498 797 ipsum
525 750 805 796 disputationis
828 746 1143 794 fundamentum
1174 747 1292 795 falsis
1318 749 1474 795 opinio-

147 815 287 863 nibus)
321 813 421 860 quin
453 810 753 848 incredibilibus
779 810 1010 846 commentis
1035 810 1161 846 inniti.
1222 810 1337 853 Quod
1352 808 1473 854 judi-

147 877 254 913 cium
278 875 314 910 si
339 877 442 909 recte
470 876 508 908 et
531 881 623 908 cere
648 881 712 907 me
734 868 880 916 fecisse
905 872 996 917 ipsa
1022 881 1113 907 mea
1130 871 1345 917 scriptione
1363 881 1475 907 com·-

144 936 359 984 probatum
381 930 522 981 fuerit,
563 943 647 969 non
671 942 810 969 vereor
835 942 886 968 ne
889 959 905 980 ,
944 934 1052 979 quod
1078 933 1209 969 denuo
1234 934 1278 968 in
1305 934 1475 968 eandem

146 1008 232 1034 rem
257 995 544 1044 inquisiverimy
574 998 665 1030 acta
690 994 816 1041 eyisse
841 997 879 1029 et
894 992 1102 1039 superflua
1121 995 1271 1041 videar,
1297 1004 1379 1029 neu
1396 1003 1474 1029 ca-

147 1068 228 1094 nae
253 1061 291 1094 et
314 1057 554 1093 temerariae
579 1056 846 1102 impuynandi
870 1056 1129 1101 novandique
1153 1054 1328 1091 libidinis
1354 1064 1475 1091 coar-

146 1129 277 1167 qum,-
314 1128 339 1153 a
365 1127 449 1164 qua
475 1126 521 1152 eo
547 1125 611 1152 me
637 1116 795 1163 lonyius
823 1115 961 1152 abesse
988 1116 1180 1163 arbitror,
1215 1125 1295 1163 quo
1321 1114 1476 1160 majore

145 1185 282 1217 teneor
307 1188 389 1226 spe,
414 1175 503 1222 sore
528 1180 574 1213 ut
577 1203 593 1224 ,
632 1186 723 1212 cum
749 1180 853 1213 certo
890 1178 1025 1225 aliquo
1057 1173 1324 1222 fundamento
1350 1177 1476 1212 nia-us

146 1243 256 1277 viam
281 1240 377 1276 milti
402 1238 730 1274 communiverim
757 1238 812 1273 ad
836 1239 1044 1274 certiorem
1067 1238 1324 1286 sinyularum
1341 1246 1477 1273 rerum

148 1301 547 1347 demonstrationem,
583 1298 856 1345 probabiliora
898 1303 935 1335 et
967 1300 1127 1336 veriora
1160 1309 1286 1347 quam
1315 1299 1476 1345 prolata

145 1366 243 1400 sunt
262 1357 469 1408 proferam
495 1363 532 1396 et
553 1356 686 1405 falsas
712 1360 886 1396 aliorum
913 1362 1243 1408 computationes,
1268 1360 1348 1395 nisi
1366 1368 1476 1395 com-

146 1427 282 1459 menta
309 1425 640 1469 aryumentorum
667 1421 825 1456 vicaria
851 1421 1030 1456 attulisse
1055 1423 1165 1457 visus
1188 1417 1328 1465 fuero,
1362 1418 1477 1453 labe-

143 1481 292 1529 factem
318 1487 355 1517 et
381 1491 657 1528 conquassem,
683 1491 735 1515 ne
761 1481 894 1515 dicam
916 1489 1086 1524 prorsus
1102 1483 1289 1515 evertam.
1340 1479 1478 1525 Neque

145 1548 283 1581 tamen
307 1543 342 1577 is
369 1551 440 1587 eyo
466 1550 557 1576 sum
563 1567 579 1587 ‚
613 1542 684 1586 qui
710 1543 748 1575 et
768 1535 883 1582 falsa
908 1539 1004 1574 milii
1027 1540 1204 1585 potuisse
1230 1539 1417 1585 obrepere
1441 1543 1479 1575 ec

145 1603 361 1652 permulta,
386 1610 494 1648 quae
519 1609 618 1635 vera
642 1603 749 1646 sunt,
776 1599 917 1634 debere
942 1609 1005 1635 me
1032 1600 1124 1635 aliis
1148 1601 1339 1636 indecora
1354 1601 1477 1646 plane

149 1664 387 1712 arroqantia
412 1659 565 1706 infitias
593 1669 692 1696 eam.
732 1660 798 1696 Ita
817 1663 951 1696 autem
968 1661 1175 1697 instituam
1192 1662 1477 1719 quaestionem,

148 1730 193 1762 ut
216 1727 259 1761 in
281 1725 416 1771 priore
446 1725 562 1768 parte
593 1722 825 1768 yeneralem
851 1721 1170 1758 Horatianorum
1204 1731 1369 1768 operum
1403 1723 1476 1757 de-

147 1787 401 1832 scriptionem
432 1787 655 1829 temporum
688 1791 935 1828 proponam,
974 1787 1059 1819 tum
1092 1785 1136 1819 in
1172 1784 1300 1819 altera
1331 1783 1374 1818 in
1406 1782 1477 1818 lios

150 1847 348 1883 cancellos
372 1844 536 1890 sinyula
558 1847 748 1889 poemata
774 1843 1012 1879 distribuam
1049 1848 1086 1880 et
1118 1845 1236 1890 quasi
1260 1844 1476 1879 includam·

151 1909 410 1954 Quamquam
435 1914 519 1940 non
545 1914 590 1939 eo
616 1913 744 1950 usque
767 1905 1025 1952 proqrediar,
1060 1908 1106 1940 ut
1130 1904 1194 1940 cel
1218 1913 1356 1940 eorum
1381 1913 1476 1939 car-

150 1970 305 2005 minum
330 1975 436 2014 quae
461 1965 648 2010 temporis
672 1965 831 1999 indiciis
844 1965 970 2010 plane
986 1966 1171 2001 destituta
1195 1968 1293 2001 sunt
1309 1968 1477 2001 aetatem

148 2040 224 2076 pro
253 2028 512 2076 quorundam
539 2034 651 2060 more
677 2028 781 2060 certo
807 2026 1050 2071 ineestiyare
1073 2027 1267 2062 studeam.

252 2089 343 2133 Qua
375 2088 503 2124 nimia
538 2085 745 2132 ditiyentia
777 2095 860 2121 non
892 2087 1023 2122 solum
1057 2086 1152 2122 milii
1192 2088 1276 2134 ipse
1312 2088 1476 2123 inanem

152 2160 315 2198 operam
339 2147 600 2194 insumpsisse
624 2147 792 2193 viderer,
818 2148 890 2182 sed
914 2148 1034 2183 etiam
1058 2149 1101 2183 in
1119 2146 1280 2193 justam
1304 2149 1476 2185 aliorum

152 2211 486 2259 vituperationem
510 2209 769 2244 incurrerem.
829 2206 960 2254 Atque
992 2208 1100 2244 lianc
1134 2212 1178 2245 ut
1208 2210 1391 2257 devitem,
1430 2219 1476 2245 eo

152 2274 282 2320 mayis
309 2271 575 2307 annitendum
599 2268 695 2304 milei
720 2263 789 2316 est,¹
814 2279 892 2315 quo
920 2271 1064 2306 certius
1089 2279 1170 2306 non
1196 2273 1279 2306 tam
1297 2280 1477 2318 auyuror

153 2344 276 2382 quam
311 2334 391 2369 scio
424 2340 509 2367 non
542 2325 750 2374 deficturos
783 2339 888 2377 esse,
922 2331 1010 2378 qui,
1045 2340 1136 2367 cum
1170 2332 1214 2366 in
1240 2332 1331 2367 aliis
1356 2331 1477 2366 rebus

152 2393 453 2440 perscrutandis
478 2391 633 2427 versare·
657 2390 814 2437 malint,
840 2400 942 2427 naso
969 2393 1129 2429 adunco
1155 2395 1193 2428 et
1226 2393 1305 2428 alto
1328 2401 1475 2438 super-

157 2456 243 2491 cilio
270 2455 491 2500 despiciant
514 2449 791 2497 hujuscemodi
815 2453 1080 2499 quaestiones,
1107 2456 1155 2500 et)
1183 2453 1279 2488 dum
1304 2453 1348 2487 in
1372 2456 1473 2488 tem-

152 2515 316 2561 poribus
352 2511 603 2550 inveniendis
649 2510 899 2560 elaboratur,
948 2514 1013 2549 rel
1046 2514 1230 2558 temporis
1265 2511 1475 2558 jacturam

158 2579 468 2623 conquerantur.
