1679 2948
689 813 838 890 Cap.
882 815 997 872 vl.

182 939 228 970 De
252 941 446 981 temporibus
471 942 584 981 quibus
610 943 689 972 liber
715 944 921 982 epistolarum
947 944 1002 977 11.,
1029 942 1163 983 epistola
1189 941 1229 972 ad
1254 942 1404 975 Pisones,
1429 941 1508 972 liber

285 997 455 1027 carminum
482 998 535 1027 lv.
561 1001 593 1027 et
617 1007 742 1029 carmen
768 999 934 1029 saeculare
959 999 1078 1038 scripta
1102 1002 1131 1028 et
1158 998 1245 1028 edita
1269 998 1395 1028 fuerint.

177 1184 434 1257 pervulgato
474 1212 724 1259 epistolarum
763 1213 894 1250 libello
919 1214 1104 1251 Horatius
1141 1215 1316 1250 alterum
1342 1212 1506 1261 addidit,

177 1272 218 1308 in
244 1272 408 1319 gratiam
442 1273 631 1323 Augusti,
668 1275 733 1322 qui
770 1278 887 1324 „post
922 1286 1118 1312 sermones
1153 1273 1340 1323 quosdam
1373 1274 1507 1322 lectos,

177 1335 220 1369 ut
246 1333 301 1369 ait
325 1335 486 1372 sueton.
515 1335 581 1371 vit.
610 1333 646 1386 §
678 1336 759 1386 12,
795 1336 937 1372 nullam
973 1337 1033 1373 sui
1067 1336 1303 1372 mentionem
1337 1334 1509 1372 habitam

176 1395 232 1430 ita
258 1397 417 1443 questus
445 1397 523 1432 est:
565 1396 712 1446 „Irasci
739 1409 799 1433 me
827 1397 899 1434 tibi
927 1398 1038 1446 seito,
1079 1397 1182 1445 quod
1209 1408 1286 1433 non
1312 1396 1506 1444 inpleris-

175 1466 249 1503 que
277 1455 465 1502 ejusmodi
493 1458 646 1506 scriptis
674 1469 824 1495 meeum
850 1459 1095 1507 potissimum
1120 1459 1302 1507 loquaris.
1352 1458 1415 1495 An
1441 1469 1506 1494 ve-

174 1517 272 1553 reris
298 1528 347 1554 ne
375 1518 479 1566 apud
504 1521 682 1567 posteros
710 1520 851 1557 infame
879 1520 950 1557 tibi
978 1521 1043 1570 sit,
1071 1520 1175 1568 quod
1201 1519 1369 1556 videaris
1397 1519 1505 1556 sami-

173 1578 281 1614 liaris
321 1580 434 1616 nobis
469 1577 612 1616 6556Ί(ί
667 1582 938 1629 expressitque
976 1582 1169 1630 eclogam,
1209 1580 1316 1626 eujus
1353 1580 1505 1616 initium

174 1641 252 1676 est:
285 1641 384 1677 Cum
409 1646 465 1678 cot
488 1643 692 1679 sustineas
717 1641 843 1678 eaet.“
884 1642 992 1678 Idem
1018 1643 1181 1678 affirmat
1209 1642 1332 1679 Seliol.
1359 1642 1504 1689 Porph.

175 1700 225 1736 ad
252 1701 365 1749 epist.
396 1702 430 1751 l,
458 1702 541 1739 20.:
570 1703 697 1752 „Sane
726 1715 775 1739 ex
801 1703 862 1739 his
891 1703 1065 1739 versibus
1093 1706 1132 1739 et
1159 1703 1199 1739 in
1226 1702 1416 1758 principio
1445 1715 1503 1740 se-

172 1763 326 1809 quentis
352 1763 441 1799 libri
468 1767 643 1814 apparet,
671 1765 873 1801 Horatium
899 1764 970 1801 hoe
999 1765 1177 1801 volumen
1203 1764 1314 1812 quasi
1339 1764 1503 1801 novissi-

173 1834 277 1859 mum
311 1824 430 1860 totius
465 1825 595 1872 operis
630 1825 834 1876 habuisse,
877 1838 965 1862 nam
1005 1826 1215 1863 seeundum
1255 1826 1503 1874 epistolarum

173 1887 327 1922 coaetus
354 1885 536 1933 31116611.ιι
572 1889 612 1923 61
639 1887 687 1923 ad
714 1887 826 1936 epist.
855 1887 898 1936 2,
930 1888 961 1924 l.
993 1888 1047 1924 1.:
1101 1888 1303 1937 „Apparet
1330 1887 1431 1925 hune
1457 1888 1502 1924 li-

172 1946 306 1996 brum,
342 1949 386 1983 ut
421 1959 537 1995 supra
574 1948 764 1999 diximus,
800 1949 954 1986 hortatu
984 1950 1161 1987 Caesaris
1189 1949 1373 1997 seriptum
1400 1959 1500 1997 esse,

171 2007 279 2054 cujus
306 2008 364 2043 rei
391 2009 507 2045 etiam
534 2010 688 2047 Sueton.
717 2013 851 2048 auctor
877 2014 948 2047 est.
976 2011 1076 2048 Nam
1102 2010 1204 2058 apud
1232 2021 1320 2046 eum
1338 2009 1501 2058 epistola

171 2069 367 2105 invenitur
391 2070 558 2116 Augusti
581 2062 829 2120 'increpantis
863 2073 1087 2122 Horatium,
1124 2071 1226 2120 quod
1260 2083 1336 2108 11011
1373 2071 1422 2107 ad
1457 2083 1497 2108 sc

171 2141 323 2178 quoque
349 2131 512 2178 plurima
540 2132 724 2169 scribat.“
765 2134 912 2170 Scimus
939 2133 1056 2180 igitur
1081 2134 1336 2181 posteriorem
1360 2133 1499 2169 librum

171 2194 260 2239 post
286 2203 318 2228 a.
349 2193 432 2229 734.
463 2194 647 2241 seriptum
687 2196 726 2230 et
766 2195 912 2231 editum
939 2206 1036 2230 esse.
1090 2195 1296 2231 Praeterea
1321 2194 1376 2230 nil
1403 2195 1498 2231 certi

167 2252 219 2293 ,de
245 2252 328 2299 ejus
355 2255 591 2303 temporibus
618 2255 812 2302 cognitum
839 2257 1154 2304 exploratumque
1172 2255 1382 2304 habemus3
1409 2266 1498 2292 nam

172 2314 325 2363 utrique
352 2316 537 2363 epistolae
565 2319 670 2353 certa
698 2316 839 2353 indicia
867 2317 1017 2353 desunt.
1063 2317 1107 2353 Id
1134 2319 1282 2354 tantum
1309 2320 1411 2354 recte-
1440 2317 1496 2353 di-

170 2376 288 2425 xoris,
315 2377 518 2424 epistolam
544 2378 581 2427 2,
611 2378 643 2414 1.
673 2378 854 2426 scriptam
880 2391 965 2415 esse
994 2381 1079 2427 post
1107 2390 1259 2415 carmen
1286 2379 1495 2427 saeculare,

171 2437 315 2486 quippe
342 2438 445 2486 quod
471 2439 676 2486 respicitur
703 2440 741 2475 111
772 2452 823 2477 vs.
855 2441 926 2476 130
953 2451 1007 2488 sq.
1063 2440 1137 2476 Adi
1174 2439 1238 2487 (1111
1274 2439 1344 2476 hae
1379 2439 1426 2475 (16
1454 2451 1494 2476 re

173 2498 437 2536 disseruerunt
462 2500 533 2536 Th.
563 2500 727 2536 Schmid.
764 2501 803 2536 in
840 2501 930 2537 edit.
970 2502 1080 2548 epist.
1119 2501 1191 2537 vol.
1230 2501 1276 2537 11.
1312 2513 1348 2549 p.
1387 2501 1419 2537 7.
1456 2504 1494 2537 et

170 2571 204 2607 p.
238 2560 343 2608 159.‚·
378 2561 585 2598 Weichert.
615 2560 661 2597 de
690 2563 775 2598 Var.
807 2565 841 2598 61
874 2564 976 2599 Cass.
1008 2574 1055 2610 p..
1076 2562 1306 2612 165—1573
1335 2563 1490 2610 interpr.
