1659 2948
706 223 982 261 -6—

192 320 247 375 (a.
277 325 362 362 Chr.
391 325 481 379 65.)
507 328 751 365 Venusiae
779 327 840 381 ⁸),
879 330 974 365 urbe
1008 330 1048 365 in
1083 332 1244 368 confinio
1269 334 1431 381 Apuliae
1466 339 1505 371 et

189 385 379 423 Lucaniae
398 388 484 438 sita,
501 391 613 425 natus
631 392 690 425 est
706 392 814 436 patre
829 389 1009 425 libertino
1037 388 1076 441 ⁴)
1095 391 1159 436 qui
1176 395 1327 430 coactor
1343 398 1424 431 erat
1451 392 1503 447 ⁵),

189 546 268 568 suae
297 547 378 569 anno
402 539 522 570 Romae
544 538 706 570 morinus·
737 536 854 569 dudum
885 537 1013 569 sustulit
1037 539 1183 580 Scaliger
1213 541 1374 572 scribens:
1413 543 1504 583 quin-

189 583 369 621 quagesimo
391 584 535 623 septimo.

277 649 314 687 3)
337 647 414 678 Inde
436 647 551 678 Horat.
574 647 644 679 Sat.
668 648 699 685 2,
724 647 754 680 1.
780 650 832 681 35.

384 708 429 714 —
451 709 495 714 —
518 692 642 732 Sequor
662 693 756 729 hunc,
780 694 928 724 Lucanus
952 703 992 724 an
1016 694 1156 735 Appulus
1179 703 1308 735 anceps,

384 735 467 766 Nam
482 735 663 767 Venusinus
686 741 758 768 arat
780 739 875 768 finem
897 739 956 768 sub
979 741 1146 779 utrumque
1169 739 1308 770 colonus.

188 787 290 819 neque
314 779 412 810 solum
435 779 477 810 ad
499 781 687 812 Aufidum
709 792 745 812 se
768 785 876 813 natum
907 782 976 817 (od.
994 782 1024 821 4,
1050 783 1080 814 9.
1105 784 1155 823 2.)
1178 785 1211 813 et
1227 784 1399 816 Camenam
1415 795 1504 818 suam

188 823 386 855 Dauniam
410 824 487 855 dicit
510 825 586 863 (od.
611 826 641 863 4,
665 827 698 858 6.
722 826 805 867 27.)
833 826 894 858 sed
913 827 1015 867 ipsam
1039 827 1134 858 etiam
1157 827 1299 868 Apuliam
1322 833 1418 861 vocat
1446 831 1503 860 al-

188 868 337 899 tricem
360 869 436 908 (od.
460 870 491 907 3,
514 870 546 901 4.
570 870 612 902 10
623 872 650 910 ).
696 871 768 902 Nec
789 871 918 909 mirum,
949 871 1040 912 quod*
1056 872 1182 912 patriae
1205 881 1312 904 amore
1335 874 1447 905 ductus
1471 877 1503 905 in

186 911 377 951 imaginibus
406 914 542 944 maxime
570 915 740 955 pingendis
771 916 956 956 saepissime
985 916 1017 946 in
1040 916 1173 957 Apuliae
1202 917 1273 947 loca
1303 918 1354 948 vel
1384 919 1503 949 inscius

187 957 310 987 incidit.
362 957 474 998 Itaque
505 968 565 989 non
589 962 711 991 tantum
734 959 918 1001 Appulos
942 960 1058 1000 (epod.
1084 961 1117 1002 2,
1141 960 1195 992 42.
1219 961 1270 991 od.
1294 963 1325 1000 3,
1349 964 1380 993 5.
1403 963 1435 994 9.
1457 979 1503 985 -

187 1000 241 1039 16,
265 1001 354 1041 26.),
377 1003 640 1035 sitieul-osam
663 1004 876 1045 Appuliam
899 1004 1016 1044 (epod.
1041 1006 1071 1039 3,
1096 1005 1181 1045 16),
1203 1004 1402 1037 Dauniam
1425 1006 1502 1045 (od.

185 1044 218 1083 1,
242 1045 296 1076 22.
319 1045 372 1078 14.
397 1047 428 1084 2,
451 1047 483 1078 1.
500 1048 589 1088 34),
612 1058 721 1081 mare
744 1049 797 1090 Ap
811 1050 960 1080 ul‘icum
983 1048 1052 1089 (od.
1071 1049 1100 1087 3,
1125 1048 1178 1080 24.
1203 1049 1263 1089 4.)‚
1288 1051 1361 1090 quin
1384 1051 1502 1091 lupos

187 1089 373 1129 Appulos
406 1091 482 1129 (od.
506 1091 537 1127 1,
561 1094 614 1124 33.
638 1093 696 1133 7.)
726 1093 847 1124 diserte
870 1096 1110 1131 commemorat,
1145 1094 1202 1124 sed
1227 1095 1321 1130 etiam
1344 1097 1502 1125 montes

187 1133 336 1173 Apuliae,
375 1145 453 1174 quos
484 1139 605 1167 notos
635 1138 697 1168 sibi
729 1148 800 1169 esse
832 1139 943 1169 scribit
973 1139 1043 1168 Sat.
1068 1138 1098 1175 1,
1123 1140 1154 1169 5.
1179 1138 1251 1175 77„
1287 1138 1502 1169 Volturem

185 1177 255 1216 (od.
279 1179 310 1215 3,
333 1179 365 1210 4.
389 1179 448 1220 9.),
471 1180 628 1211 Matina
657 1183 822 1213 cacumina
850 1182 967 1222 (epod.
990 1183 1045 1220 16,
1069 1183 1121 1213 28.
1146 1183 1194 1213 cll.
1219 1182 1270 1213 od.
1293 1182 1324 1219 1,
1348 1183 1402 1215 28.
1427 1184 1446 1215 3
1470 1185 1503 1213 et

186 1222 218 1258 4,
242 1223 278 1254 2-
297 1223 352 1253 27.
375 1233 407 1254 v.
431 1224 588 1256 Mannert.
614 1226 734 1266 Geogr.
765 1227 836 1257 libr.
860 1226 947 1257 v111.
979 1237 1048 1266 cap.
1072 1227 1103 1257 6.
1134 1237 1165 1266 p.
1188 1227 1242 1258 78.
1281 1227 1413 1258 Passow
1443 1228 1501 1258 vit.

184 1269 251 1297 not.
268 1266 360 1307 238),
384 1268 615 1309 Garganum
638 1280 747 1302 nemus
770 1271 881 1311 (epist.
899 1272 928 1308 2,
952 1271 983 1302 1.
1008 1271 1084 1302 202.
1107 1271 1183 1311 ibiq.
1199 1271 1374 1312 Schmid.),
1406 1280 1501 1312 quer-

187 1313 260 1341 ceta
290 1311 474 1352 Gargani
506 1314 582 1353 (od.
607 1316 638 1353 2,
663 1315 693 1346 9.
719 1316 793 1355 7.),
825 1315 1006 1346 Venusinas
1029 1315 1161 1346 silvas
1192 1315 1261 1355 (od.
1285 1315 1317 1354 1,
1339 1316 1394 1347 28.
1418 1316 1502 1355 27.,),

184 1355 285 1386 saltus
307 1356 509 1388 Bantinos
533 1358 602 1397 (od.
627 1361 657 1398 3,
680 1360 712 1391 4.
736 1359 790 1391 15.
813 1360 887 1390 Liv.
911 1361 964 1396 27,
989 1360 1077 1400 26.),
1108 1359 1300 1390 Aufidum
1331 1360 1502 1390 fluvium

184 1398 264 1438 (od.
288 1399 325 1439 4,
357 1400 410 1432 14.
435 1403 489 1433 25.
521 1403 551 1439 3,
577 1405 631 1435 30.
656 1404 710 1436 10.
735 1405 805 1435 Sat.
830 1404 861 1442 1,
885 1404 916 1435 1.
941 1404 1038 1443 584,
1076 1403 1318 1434 Bandusiae
1347 1404 1502 1434 fontem

183 1443 255 1479 (Od-
279 1446 309 1482 3,
332 1445 386 1476 13.
409 1445 476 1476 Fea
498 1446 540 1477 ad
562 1447 593 1479 h.
617 1449 637 1478 l.
670 1451 702 1479 et
724 1448 765 1478 ad
789 1450 819 1486 3,
844 1447 876 1478 4.
900 1449 953 1479 15.
978 1451 1043 1478 tum
1067 1457 1097 1478 v.
1114 1447 1285 1477 Lombardi
1309 1447 1418 1476 antica
1433 1446 1501 1476 To—

184 1488 328 1528 pogratia
350 1489 383 1518 di
404 1490 578 1522 Basilicata
599 1493 632 1522 in
655 1493 810 1523 Memorie
834 1493 906 1522 dell'
930 1492 1081 1521 instituto
1111 1490 1330 1529 archeologico
1361 1490 1451 1521 Tom.
1475 1491 1500 1520 Ι.

184 1541 215 1571 p.
234 1532 308 1563 210.
333 1532 409 1563 211.
443 1533 573 1565 Kirchn.
597 1539 721 1574 quaest.
744 1546 775 1575 p.
793 1536 847 1566 60.
871 1534 903 1574 §.
920 1534 974 1566 17.
998 1534 1137 1564 Schmid.
1161 1534 1202 1563 ad
1219 1535 1312 1574 epist.
1329 1533 1360 1571 1,
1376 1534 1430 1566 16.
1448 1535 1500 1566 22.

184 1576 304 1606 Obbar.
327 1576 369 1606 ad
392 1577 484 1616 epist.
506 1577 539 1615 1,
560 1578 615 1609 10.
640 1580 712 1618 6.),
752 1579 893 1615 urbes,
934 1578 1040 1608 celsae
1070 1578 1176 1608 nidum
1199 1577 1501 1613 Acherontiae.

183 1620 301 1660 pingue
323 1619 497 1653 Forenti
521 1630 632 1658 arvum
662 1622 739 1662 (od.
764 1623 801 1660 3,
825 1622 857 1654 4.
880 1621 924 1654 14
949 1625 981 1654 et
1002 1622 1090 1662 16),
1127 1622 1347 1657 Luceriam
1368 1622 1446 1661 (od.
1469 1623 1501 1660 3,

183 1665 236 1701 15,
261 1664 349 1705 14.),
374 1665 547 1698 Canusium
568 1668 656 1706 (Sat.
679 1666 709 1703 1,
734 1669 765 1697 5.
790 1665 843 1697 91.
867 1667 898 1704 2,
922 1667 953 1697 3.
977 1666 1082 1705 168.),
1105 1666 1226 1704 Rubos,
1248 1666 1385 1705 Batiam,
1409 1667 1500 1697 Gna-

182 1708 259 1739 tiam
283 1709 369 1747 (Sat.
392 1709 423 1747 1,
447 1712 478 1741 5.
504 1709 546 1741 94
568 1712 645 1751 sq.),
676 1711 851 1742 Tarentum
874 1711 962 1749 (Sat.
986 1712 1017 1745 2,
1042 1711 1073 1742 4.
1098 1712 1151 1742 34.
1176 1711 1206 1748 1,
1231 1711 1261 1740 6.
1284 1711 1361 1742 105.
1393 1711 1445 1742 od.
1469 1712 1500 1747 3,

183 1753 215 1783 5.
239 1752 293 1783 56.
314 1753 346 1791 1,
369 1754 424 1785 28.
447 1755 501 1785 29.
542 1756 636 1795 epist.
659 1755 690 1793 1,
714 1756 744 1786 7.
769 1756 822 1787 45.
861 1755 893 1793 1,
916 1755 972 1789 16.,
994 1755 1047 1786 11.
1086 1755 1126 1786 cf.
1158 1756 1251 1796 epist.
1275 1755 1313 1793 2,
1337 1755 1369 1787 1.
1393 1755 1498 1796 202).

182 1797 277 1828 Nosti
301 1798 396 1832 etiam
419 1797 642 1840 Saturejanum
666 1799 820 1831 caballum
843 1799 937 1839 (Sat.
962 1798 994 1837 1,
1019 1800 1050 1830 6.
1074 1799 1128 1831 59.
1140 1800 1167 1840 ).

269 1863 309 1904 4)
333 1864 383 1895 Cf.
407 1865 500 1905 epist.
524 1865 562 1903 1,
593 1866 648 1896 20.
672 1867 725 1898 20.
772 1867 841 1896 Sat.
863 1865 903 1901 1,
935 1865 966 1897 6.
990 1866 1022 1896 6.
1048 1867 1080 1896 et
1103 1864 1157 1896 45.
1202 1864 1355 1897 Horatius
1385 1865 1500 1905 inge-

183 1915 287 1938 nuus
309 1913 475 1949 susceptus
500 1913 567 1948 est3
590 1919 663 1941 nam
684 1911 851 1941 libertinus
874 1909 949 1940 inde
972 1910 1018 1939 ab,
1035 1910 1129 1950 Appii
1152 1909 1278 1940 Claudii
1302 1910 1401 1940 Caeci
1423 1919 1500 1941 cen-

182 1960 258 1981 sura
280 1951 369 1987 (447
393 1962 423 1983 a.
447 1963 477 1983 u.
502 1955 551 1993 c.)
582 1954 747 1987 dicebatur
775 1964 839 1985 non
882 1957 917 1984 ut
950 1957 1047 1984 antea
1077 1954 1183 1985 liberti
1216 1953 1316 1991 filius,
1350 1953 1408 1985 sed
1430 1955 1501 1995 ipse

182 1997 392 2027 manumissus
430 2007 460 2027 v.
499 1997 639 2029 Masson.
678 2000 736 2029 vit.
775 1998 859 2029 Hor.
901 1997 1038 2029 addend.
1070 2008 1100 2039 p.
1132 1997 1207 2029 371.
1253 1997 1421 2030 Heindorf.
1459 1997 1500 2029 ad

182 2040 251 2071 Sat.
272 2051 304 2082 p.
328 2041 404 2074 153.

272 2109 309 2148 5)
332 2107 382 2138 lta
405 2107 532 2148 quidem
552 2108 622 2150 ipse
645 2112 742 2149 poeta
764 2108 901 2140 dilucide
924 2109 993 2139 Sat.
1019 2107 1049 2141 1.
1075 2108 1106 2140 6.
1130 2107 1184 2138 86.

379 2152 451 2187 Nec
473 2153 588 2191 timuit,
611 2154 672 2184 sibi
695 2163 735 2184 ne
758 2154 837 2184 vitio
861 2153 931 2193 quis
955 2154 1096 2183 verteret
1119 2152 1202 2188 olim,

378 2197 413 2227 Si
430 2207 546 2238 praeco
561 2207 690 2238 parvas,
712 2200 800 2235 aut,
830 2200 872 2227 ut
896 2197 977 2227 fuit
999 2197 1099 2238 ipse,
1132 2198 1301 2227 coactor

378 2241 545 2273 Mercedes
567 2252 728 2282 sequerer.

185 2287 220 2315 ut
240 2293 301 2316 non
323 2286 473 2316 audiendi
496 2287 570 2321 sint,
593 2287 645 2327 qui
669 2296 762 2317 secus
784 2285 923 2317 tradant.
962 2285 1063 2317 Recte
1087 2285 1219 2315 sueton.
1242 2284 1273 2315 in
1298 2284 1382 2316 vita:
1405 2287 1497 2325 patre

183 2329 329 2360 libertino
355 2334 387 2362 et
410 2331 674 2362 exactionum
698 2333 858 2362 coactore.
912 2331 980 2364 Quo
1003 2339 1133 2361 munere
1155 2328 1317 2360 Venusiae
1340 2329 1496 2369 fungeba-

184 2376 245 2411 tur,
267 2383 333 2405 non.
351 2375 472 2406 Romae
494 2375 634 2412 demum,
658 2379 694 2406 ut
715 2375 813 2406 firmis
838 2384 947 2416 parum
969 2374 1165 2414 argumentis
1187 2374 1254 2404 nixi
1276 2374 1339 2405 sibi
1361 2383 1496 2414 persua-

184 2422 293 2449 serunt
316 2418 440 2450 Grotef.
465 2430 496 2459 p.
521 2419 596 2451 458.
620 2430 651 2451 a.
676 2423 710 2451 et
732 2420 863 2455 Obbar.,
887 2429 1001 2450 censor
1024 2418 1174 2449 Passovii
1196 2418 1268 2448 libri
1291 2418 1323 2448 in
1348 2417 1495 2458 epheme-

185 2462 245 2492 rid.
275 2463 321 2494 lit.
342 2463 479 2495 Darmst.
509 2473 583 2495 ann.
614 2464 710 2496 1334.
740 2475 772 2505 p.
797 2464 872 2496 912.
932 2464 1067 2494 Matrem
1094 2471 1247 2502 nusquam
1277 2464 1497 2493 commemorat

185 2504 328 2538 Flaccus.
373 2508 524 2540 Sabinam
553 2511 660 2540 autem
690 2509 776 2539 illam
807 2518 902 2540 anum
930 2509 964 2539 in
987 2509 1056 2538 Sat.
1079 2507 1110 2544 1,
1135 2507 1166 2538 9.
1189 2508 1242 2538 30.
1295 2506 1497 2537 Scholiastae

185 2549 303 2581 habent
324 2553 487 2589 nutricem,
510 2554 631 2593 pariter
653 2553 827 2586 halucinati
851 2553 902 2586 hic
925 2555 1020 2594 atque
1043 2551 1084 2583 de
1107 2550 1157 2583 od.
1183 2552 1213 2590 3,
1237 2550 1268 2581 4.
1292 2550 1345 2584 10.
1380 2551 1497 2585 (Alui-

187 2594 232 2626 cis
256 2597 346 2627 extra
369 2597 460 2630 limen
483 2598 643 2639 Apuliae.)
