1643 2959
660 219 714 224 —
763 195 947 238 193-

135 308 334 354 Augustus
362 306 403 342 in
431 302 748 354 expeditionibus
775 309 996 344 versaretur
1022 307 1097 344 alia
1122 307 1272 357 omnia,
1308 314 1401 345 vera
1428 311 1467 346 et

135 369 252 418 salsa,
289 367 521 404 creberrime
555 368 740 405 Romanis
767 369 945 405 nuntiata
980 365 1094 405 esse'l
1144 370 1232 406 Jam
1256 368 1334 406 Dio
1361 371 1468 407 Cass.

136 430 197 479 53,
227 430 286 466 19.
316 430 585 478 conqueritur,
621 431 881 467 Romanarum
906 441 1036 466 rerum
1070 430 1272 467 historiam
1304 430 1395 468 inde
1422 432 1471 469 ab

135 501 238 527 anno
266 491 352 528 727.
378 491 677 528 incertissimam
704 502 790 527 esse
818 494 858 527 et
883 492 956 528 fide
985 503 1101 540 saepe
1129 492 1373 530 destitutam!

236 553 374 601 Itaque
409 564 565 589 carmen
599 564 670 601 per
705 563 793 589 ann.
822 553 907 589 727.
944 556 983 589 et
1016 554 1101 590 728.
1138 556 1338 590 exaratum
1373 554 1472 593 dico.

135 615 227 652 Noli
253 617 384 651 autem
419 616 580 662 propter
608 614 828 664 „subactos
861 615 1063 652 Partho-9⁷>
1098 615 1146 652 de
1173 626 1274 652 anno
1301 616 1384 653 730.
1410 616 1473 652 vel

138 676 222 713 731.
250 676 443 725 cogitare,
473 687 559 712 cum
585 676 785 721 Augustus
811 676 1078 712 Parthicarum
1105 676 1390 713 dissensionum
1415 677 1473 713 in-

137 740 199 774 ter
223 738 431 774 Phraatem
458 739 497 772 et
513 736 740 773 Tcridatem
757 739 977 773 coortarum
997 748 1168 774 summus
1187 738 1333 775 arbiter
1350 740 1474 775 factus

138 801 243 835 esset
258 795 356 850 (Dio
371 798 432 847 53,
448 797 509 833 33.
526 798 571 834 cf.
587 807 684 844 quae
701 797 783 832 dixi
798 797 845 832 de
864 797 927 832 od.
948 797 983 845 1,
1001 797 1063 834 26.
1090 799 1128 848 2,
1155 799 1190 835 2.
1219 800 1256 849 3,
1284 797 1352 851 8.).
1403 800 1474 836 Illo

138 860 243 895 enim
269 861 444 906 tempore
473 858 507 893 si
535 856 756 904 scripsisset
789 857 974 893 Horatius
1009 869 1184 908 carmen,
1219 861 1324 896 haud
1359 861 1476 897 dubie

137 931 215 957 non
241 922 321 956 tam
347 919 623 956 Britannorum
659 928 774 965 quam
810 917 1065 956 Cantabricae
1100 920 1363 968 expeditionis
1397 932 1478 957 me-

137 981 330 1018 minisset.
382 981 592 1016 Praeterea
618 982 701 1015 tum
727 978 843 1015 odam
870 982 1070 1017 exaratam
1097 992 1183 1018 esse
1211 984 1365 1030 oportet
1391 993 1477 1019 cum

139 1045 339 1090 Augustus
364 1042 489 1078 Roma
515 1041 683 1083 abesset.

241 1103 486 1140 GARMEN
520 1102 602 1138 VI.
649 1103 841 1151 „Delicta
875 1102 1110 1150 majoram„
1148 1114 1228 1141 non
1268 1106 1324 1142 ita
1357 1107 1478 1144 multo

140 1169 231 1215 post
256 1166 358 1202 bella
385 1165 514 1201 civilia
542 1175 576 1200 a.
606 1164 691 1200 724.
720 1163 770 1199 ad
796 1165 911 1200 finem
927 1165 1115 1213 perducta
1133 1169 1362 1214 conceptum
1379 1179 1479 1218 esse,

140 1231 223 1264 tum
243 1228 511 1273 argumentum
530 1226 657 1275 docet,
685 1226 727 1262 in
745 1236 821 1273 quo
849 1229 1030 1263 omnium
1057 1228 1349 1278 calamitatum,
1373 1241 1482 1278 quae

141 1292 359 1337 imperium
392 1289 626 1325 Romanum
661 1286 911 1336 afflixerint,
947 1298 1084 1324 caussa
1110 1299 1133 1324 a
1157 1289 1357 1335 religionis
1392 1301 1482 1327 con-

141 1353 293 1399 temptu
328 1352 366 1386 et
392 1360 543 1386 morum
583 1348 803 1397 corruptela
839 1349 1007 1400 petitur,
1047 1351 1130 1386 tum
1167 1350 1272 1398 quod
1305 1351 1347 1388 in
1380 1363 1480 1390 vers.

143 1413 203 1449 13.
232 1415 271 1449 et
300 1412 379 1450 14.:

345 1474 473 1510 Paene
502 1475 729 1522 occupatam
758 1474 1015 1512 seditionibus

345 1535 502 1573 Delevit
529 1535 665 1571 urbem
691 1537 835 1573 Dacus
862 1539 901 1573 ct
927 1537 1114 1584 Aethiops
1119 1547 1137 1583 ;

145 1595 204 1651 (v.
240 1598 398 1634 Passov.
435 1596 503 1632 vit.
540 1599 620 1633 not.
655 1594 765 1648 248.)
808 1598 953 1634 bellum
997 1597 1200 1634 Octaviani
1236 1599 1275 1633 et
1310 1588 1484 1649 Antonii,

146 1660 213 1708 qui
239 1661 378 1696 Dacos
404 1668 556 1706 quoque
585 1655 684 1710 (Dio
711 1659 781 1708 51,
809 1657 891 1711 22.)
928 1661 968 1695 ct
1000 1658 1213 1706 Aethiopes
1246 1655 1367 1710 (Plut.
1393 1661 1486 1697 Ant.

147 1732 185 1768 p.
213 1721 300 1756 944.
329 1731 413 1767 cap.
441 1719 501 1754 61.
529 1719 613 1770 fin.)
643 1719 717 1756 sibi
745 1719 990 1769 adJunxerat,
1018 1731 1221 1767 nuperum
1237 1722 1484 1757 memoratur.

149 1781 316 1818 Gravius
350 1781 479 1828 ipsum
514 1780 717 1817 exordium
761 1784 843 1831 est,
888 1782 929 1817 in
963 1792 1039 1829 quo
1073 1783 1191 1828 poeta
1216 1781 1410 1818 Romanos
1438 1782 1488 1818 ad

149 1843 295 1891 templa
337 1841 547 1878 reficienda
583 1842 822 1878 cohortatur.
876 1842 972 1878 Inde
1009 1842 1114 1878 enim
1146 1842 1363 1880 rectissime
1398 1853 1487 1880 con-

150 1905 310 1941 cludunt
345 1903 528 1940 carminis
564 1903 810 1939 occasionem
844 1903 892 1939 ab
930 1913 976 1939 eo
1012 1905 1205 1951 sumptam
1240 1914 1347 1953 esse,
1384 1904 1488 1952 quod

151 1966 387 2003 Octavianus
416 1976 451 2000 a.
479 1964 565 2000 726.
594 1963 682 2000 urbi
710 1963 906 2000 ornandae
933 1964 1166 2012 templisque
1185 1964 1403 2001 reficiendis
1423 1977 1488 2001 cu-

149 2039 233 2064 ram
258 2025 494 2075 impenderit
521 2028 561 2062 et
589 2025 672 2070 J'am
705 2028 789 2062 tum
815 2025 863 2061 de
890 2026 1063 2062 moribus
1099 2025 1351 2063 emendandis
1387 2027 1488 2073 cogi-

149 2089 304 2126 taverit.
330 2090 377 2124 cf.
401 2087 462 2124 od.
486 2087 523 2137 2,
553 2087 611 2123 15.
626 2098 663 2135 p.
683 2086 764 2122 183.
804 2085 887 2123 Nec
923 2086 1083 2123 dubium
1109 2089 1169 2122 est
1196 2087 1289 2136 quin
1316 2098 1362 2123 eo
1389 2096 1490 2124 anno

151 2151 338 2198 scriptum
365 2150 427 2185 sit.
470 2149 587 2195 Signa
614 2151 654 2184 et
681 2148 855 2195 captivos
882 2159 906 2185 a
931 2148 1086 2184 Parthis
1111 2148 1284 2184 nondum
1309 2149 1490 2185 restituta

151 2212 276 2249 fuisse
315 2223 353 2248 v.
380 2210 533 2247 9—12.
562 2210 848 2258 comprobatur.
901 2209 979 2246 Adi
1016 2209 1068 2245 sis
1103 2210 1273 2246 Masson.
1299 2210 1368 2246 vit.
1396 2211 1488 2246 Hor.

152 2285 190 2321 p.
221 2274 294 2309 190
321 2283 401 2321 sq.,
440 2272 599 2308 Kirchn.
640 2272 789 2319 quaest.
831 2282 867 2319 p.
907 2271 966 2307 10.
1008 2268 1044 2320 ξ.
1081 2270 1141 2306 21.
1183 2282 1221 2318 p.
1247 2271 1307 2307 31.
1349 2268 1384 2320 ξ.
1414 2271 1491 2321 59.,

155 2335 301 2371 Grotef.
331 2345 369 2382 p.
398 2334 483 2370 470.
513 2344 546 2369 a.
576 2335 616 2369 et
643 2343 825 2380 compara
852 2332 1036 2381 carmina,
1064 2342 1162 2379 quae
1181 2333 1221 2367 et
1237 2334 1324 2381 ipsa
1350 2343 1384 2368 a.
1405 2333 1489 2368 726.

155 2397 240 2432 orta
267 2407 353 2432 esse
371 2395 554 2445 vidimus,
581 2394 671 2432 huic
697 2394 747 2430 ab
775 2395 1002 2440 argumento
1028 2393 1242 2442 persimilia
1265 2394 1313 2431 Π.
1344 2393 1401 2430 15.
1431 2394 1490 2430 16.

157 2455 216 2491 18.
242 2456 310 2494 ΙΙΙ.
337 2458 377 2493 1.
403 2457 438 2493 2.
468 2456 528 2492 24.
810 2501 812 2503 Ι
1392 2472 1397 2477 ·

258 2517 502 2553 cARMEN
537 2517 670 2554 xllx.
721 2515 788 2565 „0
829 2512 926 2562 fons
963 2514 1231 2554 Bandusiae”
1270 2513 1416 2550 Grotef.
1452 2523 1489 2560 p.

158 2577 243 2615 469.
262 2577 300 2615 b.
328 2581 476 2617 aestate
503 2589 538 2616 a.
566 2577 677 2628 725.‚
713 2579 753 2615 et
778 2577 934 2616 Kirchn.
972 2579 1120 2624 quaest.
1157 2588 1194 2624 p.
1223 2575 1284 2612 31.
1312 2572 1349 2625 ξ.
1378 2575 1424 2611 57
1441 2595 1494 2602 -

1181 2636 1227 2672 13
