1679 2948
633 190 701 234 ’-
758 202 928 245 81—

218 316 254 353 6.
289 316 463 354 Carmen
487 315 710 353 saeculare·
735 326 837 353 anno
862 326 900 352 u.
929 325 962 352 c.
991 314 1076 352 737.
1112 311 1310 352 edolatum
1344 315 1462 353 emis-

119 388 282 426 sumque
309 378 370 414 est
395 371 507 430 (ann.
537 376 596 413 17.
625 387 659 414 a.
690 376 804 427 Chr.;
831 375 971 413 aetatis
997 386 1100 413 anno
1126 371 1224 428 48.).

219 439 254 476 7.
289 439 525 477 Carminum
551 439 652 476 liber
676 439 749 475 IV.
776 438 881 476 intra
907 449 1029 475 annos
1064 449 1103 475 u.
1131 449 1163 475 c.
1191 438 1277 476 737.
1306 440 1346 476 et
1370 440 1458 479 74].

118 496 202 552 (17.
231 512 265 538 a.
297 501 385 538 Chr.
413 521 465 528 --
493 499 552 536 13.
589 510 624 536 a.
655 499 768 549 Chi-‚3
805 500 947 537 aetatis
983 510 1117 549 annosi
1139 496 1340 554 48—52.)
1367 512 1460 540 con-

116 563 241 600 fectus
270 564 309 598 et
336 572 437 598 anno
463 560 549 597 741.
579 560 707 597 editus
735 562 806 598 est.

218 624 253 661 8.
282 625 562 671 Epistularum
589 623 688 660 liber
712 623 770 660 II.
797 622 922 670 primo
943 620 1027 668 jam
1054 621 1159 658 edito
1194 624 1235 658 et
1259 626 1350 671 post
1375 635 1460 662 car·

116 695 206 722 men
233 685 431 722 saeculare
460 683 627 730 scriptus
655 686 728 733 est,
755 684 826 720 sed
852 684 1044 720 incertum
1071 693 1147 731 quo
1174 694 1289 722 anno.

217 747 253 783 9.
281 748 341 783 De
370 747 471 783 artis
492 747 674 792 poeticae
700 746 828 780 aetate
854 745 911 781 nil
937 746 1100 781 constat.

115 809 204 846 Jam
231 818 323 843 vero
351 806 412 843 his
447 808 667 853 temporum
701 805 904 854 cancellis,
950 816 1046 853 quos
1080 806 1258 852 neglecta
1291 810 1460 848 maxime

116 868 356 915 singulorum
383 867 596 904 carminum
623 868 751 903 aetate
786 866 899 914 quasi
934 867 1109 902 externis
1143 867 1298 905 indiciis
1335 873 1373 906 et
1399 882 1462 908 ar·

116 930 311 977 gumentis
346 929 472 977 iisque
516 940 566 965 ex
608 930 749 977 poetae
791 928 874 964 vita
917 929 957 963 ct
999 927 1182 965 universa
1227 930 1462 978 scriptorum

115 992 267 1029 ratione
301 990 436 1039 petitis
473 990 790 1028 circumscribere
827 988 1067 1040 studuimus,
1102 990 1335 1029 includenda
1370 995 1461 1030 sunt

115 1053 245 1102 quoad
280 1052 363 1099 ejus
397 1051 481 1088 fieri
515 1053 646 1100 potest
681 1051 833 1097 singula
868 1051 1052 1099 deinceps
1088 1052 1280 1103 carmina,
1317 1065 1393 1102 quo
1419 1056 1461 1091 et

114 1114 307 1161 generalis
334 1115 552 1161 temporum
579 1113 792 1161 descriptio
827 1112 943 1149 fidem
978 1113 1165 1163 accipiat,
1202 1117 1242 1151 et
1275 1116 1459 1154 uniuscu-

107 1176 250 1226 jusque
276 1175 482 1225 poematis,
509 1175 625 1212 modo
651 1185 700 1211 ne
728 1175 843 1223 plane
869 1174 1026 1211 indiciis
1054 1174 1284 1213 destitutum
1302 1177 1367 1228 sit,
1393 1189 1460 1215 ae-

112 1240 174 1276 tas
201 1238 419 1276 accuratius
445 1237 716 1284 investigetur.

213 1300 274 1338 Ita
312 1298 363 1336 ad
402 1298 564 1334 alteram
603 1297 879 1346 disputationis
913 1299 1066 1345 partem
1106 1299 1376 1352 pervenimuS‚
1416 1301 1459 1340 in

115 1373 192 1410 qua
217 1360 415 1399 ordiamur
440 1371 594 1398 rursum
619 1371 643 1398 a
670 1359 934 1397 Sermonibus.
