1679 2948
626 806 776 884 Cap.
829 809 946 864 IV.

122 937 168 968 De
202 938 399 979 temporibus
435 937 549 976 quibus
585 939 650 967 tres
687 937 860 968 carminum
897 937 967 968 libri
1006 937 1128 977 priores
1165 937 1275 978 scripti
1312 941 1343 967 et
1379 937 1454 967 editi

725 993 854 1023 suerint.

120 1183 252 1240 Duas
279 1203 466 1239 hactenus
504 1204 633 1250 poesis
668 1204 905 1239 Horatianae
941 1204 1091 1252 species
1124 1202 1455 1252 perlustravimus,

123 1281 221 1318 quae
247 1270 387 1305 natura
422 1279 491 1303 sua
527 1271 712 1314 cognatae
750 1268 964 1315 eodemque
1000 1271 1174 1315 tempore
1210 1271 1249 1304 et
1282 1280 1359 1304 una
1394 1281 1456 1305 ea-

125 1332 288 1377 demque
317 1330 364 1366 de
393 1341 529 1366 caussa
556 1330 776 1365 necessario
804 1333 932 1378 ortae,
971 1332 1182 1379 tractatae,
1211 1331 1453 1379 terminatae,

122 1391 301 1428 curriculi
339 1391 441 1438 quod
477 1393 592 1437 poeta
629 1402 807 1426 emensus
845 1393 905 1426 est
939 1392 1107 1438 primum
1139 1392 1260 1427 veluti
1296 1392 1456 1437 gradum

122 1452 452 1489 circumscribunt.
508 1452 728 1497 Sequuntur
754 1453 873 1498 lyrica
899 1453 1050 1488 Horatii
1087 1453 1235 1501 studia,
1273 1453 1323 1488 ad
1358 1464 1456 1500 quae

122 1524 348 1559 graccorum
385 1512 663 1559 exemplarium
698 1513 863 1548 lectione
900 1514 1044 1549 dudum
1078 1516 1331 1560 praeparatus
1367 1525 1455 1560 pro-

121 1586 215 1622 pero
243 1585 377 1620 gressu
414 1576 494 1608 tum
531 1572 685 1607 demum
724 1574 916 1623 perrexit,
963 1586 1049 1610 cum
1088 1576 1191 1610 vitae
1220 1575 1454 1624 conditione,

123 1639 249 1672 aetate
278 1638 317 1671 et
343 1636 471 1670 mente
499 1634 708 1670 immutatis
745 1637 947 1681 pertaesus
984 1635 1104 1671 amari
1138 1635 1245 1672 lusus
1274 1647 1296 1672 a
1323 1638 1456 1672 contu-

123 1699 370 1733 meliosorum
413 1696 625 1731 carminum
669 1697 947 1743 compositione
993 1708 1034 1733 se
1069 1697 1330 1733 abstinuisset.
1384 1698 1457 1733 Per

123 1759 231 1795 varia
257 1759 360 1794 vitae
389 1756 610 1792 discrimina
636 1756 726 1792 inde
754 1769 777 1793 a
804 1768 940 1803 graeca
967 1758 1278 1805 peregrinatione
1313 1758 1455 1794 elucta-

123 1823 198 1868 tus,
227 1821 364 1867 postea
390 1818 664 1853 malevolorum
691 1818 889 1854 hominum
914 1818 1128 1854 inimicitiis
1156 1830 1312 1866 pressus
1341 1821 1379 1854 et
1406 1821 1454 1856 ob

124 1881 282 1917 dubium
311 1881 350 1915 et
377 1880 629 1914 fluctuantem
656 1879 804 1925 patriae
842 1881 984 1914 statum
1011 1881 1049 1915 et
1078 1880 1240 1915 salutem
1268 1880 1454 1925 aegrimo-

123 1942 189 1978 nia
223 1942 441 1988 consectus,
481 1939 667 1986 paulatim
704 1940 859 1986 quidem
894 1952 980 1976 cum
1019 1940 1195 1976 suavium
1232 1940 1453 1991 amicorum,

123 2003 295 2051 Virgilii,
331 2001 438 2038 Varii
466 2001 702 2047 aliorumque
729 2012 822 2049 usu,
860 2004 941 2037 tum
975 2002 1181 2049 praecipue
1217 2002 1456 2040 Maecenatis

123 2063 360 2112 patrocinio,
389 2073 464 2109 quo
492 2062 539 2097 ab
566 2062 723 2097 ineunte
751 2073 851 2098 anno
879 2074 914 2098 u.
945 2074 975 2099 c.
1004 2063 1088 2098 717.
1117 2063 1271 2108 gavisus
1300 2066 1359 2099 est
1385 2060 1452 2113 (cf.

124 2136 222 2172 quae
251 2123 551 2171 disputabuntur
576 2123 675 2158 infra
702 2123 751 2159 ad
778 2123 858 2159 Sat.
888 2124 924 2172 2,
952 2120 1026 2174 6.),
1047 2124 1320 2168 jucundiorem
1335 2126 1455 2162 vitam

125 2189 164 2222 et
203 2185 304 2222 curis
343 2196 505 2220 vac-uam
543 2184 705 2231 adeptus
747 2186 840 2220 erat.
901 2185 981 2222 Nec
1022 2187 1151 2221 tamen
1190 2196 1321 2221 earum
1359 2197 1454 2234 quas

126 2250 309 2294 expertus
337 2248 421 2281 erat
447 2257 576 2281 rerum
602 2247 681 2281 tam
709 2245 784 2281 cito
820 2247 1013 2282 exstincta
1048 2249 1107 2282 est
1140 2247 1346 2297 memoria,
1383 2259 1454 2284 nec

125 2310 205 2343 tam
229 2307 307 2343 levi
333 2307 432 2354 pede
459 2306 509 2342 ad
535 2308 664 2353 partes
692 2317 852 2353 quarum
888 2318 978 2343 osor
1012 2308 1137 2343 suerat
1170 2309 1371 2358 transiliit,
1398 2311 1453 2358 ut,

128 2368 248 2404 donec
274 2368 423 2416 patriae
452 2368 554 2403 salus
581 2367 623 2402 in
649 2377 838 2414 suspenso
865 2368 958 2417 fuit,
986 2368 1047 2404 vel
1073 2369 1228 2405 onmino
1263 2370 1312 2406 ad
1336 2370 1455 2415 lyrica

126 2428 281 2464 levioris
309 2429 525 2475 argumenti
553 2429 723 2464 carmina
758 2429 1023 2476 componenda
1056 2431 1265 2477 proclivem
1299 2442 1340 2466 se
1367 2441 1453 2467 sen-

128 2488 235 2537 serit,
261 2490 323 2525 vel
349 2489 602 2526 celebraverit
624 2489 741 2525 etiam
758 2488 999 2526 adversarios
1020 2502 1122 2541 suos,
1150 2492 1211 2527 vel
1228 2502 1320 2528 vera
1337 2492 1454 2528 animi

128 2548 257 2584 studia
283 2550 456 2586 mendaci
482 2550 565 2595 lyra
581 2550 688 2585 velut
715 2549 874 2594 ejurarit
901 2554 940 2586 et
966 2551 1184 2588 adulatione
1201 2553 1355 2590 foedum
1374 2564 1453 2589 ser-

1135 2611 1191 2647 4*
