1643 2959
610 207 886 250 ..99-

85 319 260 367 fbrcasse
286 323 438 358 aestate
470 320 538 357 vel
570 324 789 357 auctumno
817 317 1000 366 ejusdem
1035 318 1146 355 anni.
1197 316 1258 355 Ita
1283 317 1420 354 statuit

88 382 205 419 etiam
232 383 378 419 Grotef.
405 394 443 430 p.
473 381 557 418 461.
585 393 620 418 a.
650 384 689 418 et
716 393 854 419 censor
879 374 1044 433 (Feam)
1077 377 1349 416 Kirchneriani
1373 377 1419 414 li-

87 444 179 480 belli
204 445 246 481 in
273 443 424 492 ephem.
451 443 553 480 liter.
581 443 666 479 Hal.
699 443 807 480 1836.
836 444 928 479 fasc.
957 441 1018 477 22.
1053 452 1092 489 p.
1121 440 1204 477 175.
1232 461 1282 469 —
1307 440 1420 477 WVes-

87 505 239 551 selingii
265 507 396 542 tamen
422 505 748 552 computationem
773 503 1033 541 recentiorum
1066 502 1222 551 plurimi
1253 512 1420 550 sequun-

86 568 170 616 tur,
198 566 398 603 Heindorf.
427 578 464 615 p.
495 566 602 616 111.,
637 566 751 603 Jahn.
787 565 830 602 in
863 564 1004 601 introd.
1033 564 1084 600 ad
1109 563 1214 610 Virg.
1242 575 1279 612 p.
1307 563 1418 602 XIX.

86 629 127 666 ct
151 628 193 663 in
220 627 280 664 ed.
309 629 402 665 Hor.
431 639 469 675 p.
498 627 606 676 255.,
633 627 846 664 Weichert.
875 626 922 662 de
949 627 1038 663 Var.
1075 626 1114 661 et
1150 626 1256 662 Cass.
1292 636 1329 673 p.
1358 625 1418 662 45.

86 691 126 724 et
151 691 254 737 poet.
282 690 350 726 rel.
378 700 415 737 p.
445 689 552 739 454„
580 689 737 725 Passov.
767 688 834 725 vit.
862 689 942 724 not.
973 686 1057 724 121.
1086 688 1126 722 et
1153 686 1261 737 166.‚
1290 685 1420 723 Obba-

86 750 168 786 rius
195 751 237 786 in
263 750 426 787 Seebod.
454 750 568 787 Jahn.
606 751 646 786 et
679 750 803 786 Klotz.
831 750 957 786 annal.
993 759 1082 785 ann.
1119 747 1228 785 1835.
1255 748 1330 784 vol.
1360 747 1418 785 15.

85 812 176 848 fasc.
207 812 240 847 1.
269 823 306 859 p.
335 812 411 861 63.,
441 811 517 847 alii.

185 934 446 971 SA'I'IRA
480 934 561 971 vl.
606 937 732 985 „Non
766 935 865 984 quia
899 929 1155 970 Maecenasf‘
1188 941 1421 980 quamquam

83 997 199 1033 certis
225 996 412 1045 temporis
438 997 541 1033 notis
561 999 678 1046 caret,
707 996 838 1044 prodit
863 996 994 1031 tamen
1011 996 1181 1030 aetatem
1195 995 1422 1039 argumento

84 1069 154 1094 suo
181 1061 221 1094 et
246 1059 333 1095 fine.
385 1059 485 1095 Nam
512 1069 597 1094 cum
624 1057 809 1094 Horatius
847 1057 902 1093 ita
922 1055 1004 1101 jam
1030 1055 1073 1091 in
1097 1054 1339 1091 Maecenatis
1365 1055 1420 1091 sa-

83 1119 346 1156 miliaritatem
387 1120 606 1156 insinuatus
644 1121 770 1168 esset,
814 1121 858 1154 ut
892 1128 971 1154 non
1008 1117 1132 1153 solum
1165 1117 1347 1163 frequens
1381 1117 1422 1152 et

82 1183 294 1228 perpetuus
322 1182 403 1217 fere
432 1182 597 1218 conviva
625 1176 695 1232 (cf.
723 1192 759 1216 v.
789 1180 848 1215 47.
878 1175 977 1230 50.)‚
1005 1177 1076 1214 sed
1094 1177 1211 1213 etiam
1238 1176 1422 1213 itinerum

83 1243 210 1278 socius
246 1244 287 1278 et
313 1254 441 1279 comes
478 1244 583 1278 esset
618 1238 687 1293 (cs.
716 1242 794 1278 Sat.
826 1240 867 1289 l,
904 1235 986 1291 5.),
1025 1238 1108 1275 fieri
1149 1248 1229 1274 non
1267 1239 1422 1285 poterat

82 1304 178 1351 quin
203 1303 351 1339 invidia
387 1305 427 1339 et
460 1302 732 1340 malevolentia
767 1301 1092 1349 obtrectatorum,
1129 1299 1196 1348 qui
1227 1297 1422 1345 fortunae

78 1365 214 1412 filium
238 1365 341 1401 limis
368 1364 490 1401 oculis
518 1364 790 1412 intuebantur,
819 1362 942 1409 magis
970 1361 1089 1398 etiam
1115 1363 1356 1398 accresceret
1382 1362 1422 1398 et

82 1427 301 1472 augeretur.
354 1426 455 1463 Hinc
481 1436 622 1462 novam
657 1424 887 1462 criminandi
922 1434 1100 1460 caussam
1134 1423 1268 1471 adepti
1302 1422 1422 1459 exsti-

81 1489 226 1537 terunt,
255 1489 336 1536 qui,
364 1498 480 1535 quem
507 1489 622 1523 antea
649 1488 832 1533 tanquam
859 1485 1002 1521 malum
1027 1486 1184 1532 poetam
1203 1483 1421 1521 deriserant

80 1552 122 1586 ct
148 1550 305 1585 innatae
331 1547 538 1584 vellicandi
564 1547 738 1583 libidinis
765 1546 1097 1595 insimulaverant,
1126 1545 1162 1581 ei
1180 1544 1276 1592 jam
1292 1549 1421 1582 nata·-

80 1613 182 1648 lium
205 1610 515 1659 iqnobilitatem,
540 1618 718 1656 pravam
746 1609 1007 1645 ambitionem
1033 1609 1072 1643 et
1097 1608 1283 1644 servilem
1310 1608 1421 1644 adu-

82 1675 273 1711 lationem
300 1671 592 1719 exprobrarent.
622 1668 899 1716 Hujuscemodi
917 1668 1206 1705 criminationes
1224 1668 1265 1704 in
1284 1678 1421 1705 caussa

83 1735 261 1783 suerunt,
287 1734 331 1769 ut
356 1733 541 1769 Horatius
567 1732 610 1768 in
636 1731 708 1768 hac
736 1731 855 1767 satira
881 1730 1048 1778 primum
1074 1732 1124 1767 de
1148 1740 1243 1767 vero
1268 1730 1422 1767 Iw‘nore

85 1798 124 1833 et
149 1796 357 1833 nobilitate
391 1795 607 1842 exponeret
641 1789 699 1845 (v.
730 1787 912 1843 1-44.),
949 1790 1091 1827 deinde
1118 1802 1160 1827 se
1193 1801 1266 1827 nec
1299 1801 1420 1838 prava

3 1863 8 1911 j
83 1857 292 1894 ambitione
319 1867 391 1893 nec
417 1857 516 1892 forte
543 1856 697 1891 fortuna
725 1854 794 1890 sed
819 1853 982 1890 fidorum
1010 1851 1241 1901 amicorum,
1267 1851 1419 1897 Virgilii

84 1921 124 1955 et
149 1918 278 1967 Varii,
324 1916 657 1954 commendatione
691 1915 734 1951 in
767 1914 1005 1951 Maecenatis
1040 1912 1249 1949 amicitiam
1281 1923 1419 1961 perve-

84 1981 190 2017 nisse
217 1981 406 2016 fateretur
432 1975 490 2030 (v.
520 1972 743 2030 45—55.);
784 1976 951 2023 denique
987 1975 1113 2023 prima
1147 1973 1418 2021 congressione

83 2041 302 2079 verecunde
331 2041 525 2089 descripta
552 2036 609 2093 (v.
639 2035 840 2089 56-61.)
866 2037 1066 2084 ingenium
1093 2047 1225 2086 suum,
1262 2035 1418 2072 institu-

5 2100 8 2124 ³
82 2104 230 2141 tionem
263 2105 314 2139 et*
329 2102 544 2150 simplicem
577 2100 734 2138 vivendi
767 2101 957 2137 rationem
991 2095 1048 2152 (v.
1077 2093 1279 2150 62—fin.)
1314 2096 1419 2133 haud

84 2165 224 2202 minori
267 2164 434 2201 candore
468 2174 584 2212 quam
617 2162 839 2199 urbanitate
875 2160 1114 2209 depingeret.
1168 2160 1254 2196 Hoc
1287 2159 1419 2194 autem

87 2228 258 2276 profecto
284 2236 363 2262 non
388 2226 445 2263 ita
470 2226 591 2262 multo
618 2226 708 2273 post
742 2223 834 2260 fecit
869 2233 985 2270 quam
1016 2221 1128 2258 lividi
1161 2220 1228 2257 isti
1255 2221 1295 2256 et
1319 2219 1417 2257 invi-

88 2289 187 2326 diosi
211 2299 385 2325 rumores
411 2287 538 2336 sparsi
564 2288 664 2323 sunt.
691 2284 812 2333 Atqui
837 2285 909 2321 hos
936 2284 1066 2321 statim
1092 2282 1142 2320 ab
1169 2293 1216 2319 eo
1229 2283 1417 2330 tempore,

88 2360 164 2398 quo
188 2350 372 2388 Horatius
399 2350 542 2386 artiore
577 2347 769 2385 amicitiae
795 2347 949 2383 vinculo
976 2356 1064 2383 cum
1093 2345 1321 2382 Maecenate
1354 2352 1417 2379 co-

89 2412 306 2462 pularetur,
335 2411 543 2460 dissipatos
570 2420 656 2446 esse
683 2419 754 2457 per
779 2419 822 2444 se
849 2409 1151 2445 consentaneum
1186 2407 1265 2452 est,
1300 2403 1417 2441 adau-

90 2474 173 2509 ctos
197 2485 290 2511 vero
316 2474 434 2511 ctiam
467 2475 507 2510 et
532 2470 799 2509 vehementius
834 2469 1113 2519 increbruisse,
1149 2479 1200 2505 ex
1233 2476 1308 2514 quo
1341 2464 1418 2501 iter

91 2534 372 2575 Brundisinum·
396 2536 438 2573 'm
463 2533 617 2583 patroni
651 2533 835 2570 comitatu
871 2533 1016 2569 fecerat
1050 2533 1090 2568 et
1123 2528 1269 2576 egregii
1302 2525 1417 2573 hujus

92 2596 248 2633 honoris
274 2599 413 2634 testem
439 2597 686 2643 evulgaverat
722 2594 878 2632 satiram
904 2593 1089 2641 quintam.
1131 2591 1287 2627 Sextam
1312 2586 1416 2625 enim

1087 2651 1108 2685 7
1128 2649 1153 2674 *r
