1643 2959
749 220 803 228 -
848 196 1022 239 106—

330 308 583 346 SA'I'IRA
616 305 677 341 X·
720 306 904 355 „Nempe
928 305 1219 353 incompositos<
1238 313 1400 359 excepta
1425 313 1549 360 prima

229 370 399 408 omnium
425 371 619 417 postrema
646 377 756 404 anno
782 378 821 404 u.
849 377 879 403 c.
909 368 1012 404 719.
1039 368 1182 415 scripta
1208 371 1277 405 est.
1315 372 1421 414 Quae
1448 384 1548 410 eom.

226 432 375 480 putatio
402 438 632 478 quamquam
656 438 735 464 non
761 429 1004 465 confirmatur
1029 429 1145 465 certis
1172 429 1354 468 historiae
1381 434 1547 484 indiciis,

225 492 427 529 verissima
452 492 581 526 tamen
606 489 802 526 videbitur
835 501 920 526 esse
956 489 1105 535 singula
1137 501 1266 527 rerum
1299 502 1399 539 quae
1421 495 1463 530 iu
1487 507 1547 531 re-

225 565 382 591 censum
417 551 575 588 veniunt
607 553 800 588 momenta
833 551 1055 599 pensitanti.
1107 551 1275 589 Primum
1310 555 1353 588 ut
1385 555 1547 601 apertis-

224 615 319 651 sime
346 614 506 650 alteram
532 613 645 659 hujus
671 613 760 650 libri
795 613 952 649 satiram
987 615 1026 648 et
1060 616 1236 660 quartam
1276 616 1450 664 excepit,
1492 617 1548 652 ita

223 675 425 712 evidenter
449 677 539 723 post
565 686 598 711 a.
627 675 711 711 717.
740 676 824 711 orta
851 676 930 723 est,
966 673 1070 722 quod
1096 675 1301 711 Maecenas
1328 675 1431 712 inter
1455 686 1545 723 poe-

221 738 284 773 tae
318 736 526 773 familiares
559 736 785 784 producitur
816 748 851 772 v.
880 736 939 772 81.
991 735 1143 772 Deinde
1179 735 1335 772 satiram
1369 737 1545 785 primam,

220 808 319 845 quae
346 798 446 834 hanc
472 798 646 846 proxime
682 799 814 834 secuta
847 800 927 846 est,
963 807 1064 833 anno
1091 797 1176 833 719.
1213 798 1371 834 exeunti
1405 797 1544 845 proba-

218 858 350 895 biliter
375 859 564 909 adscribi,
591 870 663 895 nec
689 859 730 894 in
756 860 838 895 tota
864 859 1011 904 sylloge
1037 859 1153 894 ullam
1188 859 1414 906 posterioris
1448 861 1544 894 tem-

216 920 323 968 poris
349 922 482 956 notam
509 931 608 969 esse,
637 931 753 967 supra
778 919 863 955 aliis
880 919 1095 955 rationibus
1123 919 1322 956 subductis
1340 919 1545 967 probatum

214 981 282 1018 ivi.
337 981 526 1024 Quocirca
552 992 599 1016 ea
624 983 774 1016 tantum
808 991 1050 1028 percurram,
1090 990 1189 1026 quae
1224 983 1263 1016 et
1296 980 1437 1016 morari
1477 980 1544 1016 ali-

216 1052 331 1089 quem
358 1041 531 1090 possint,
568 1041 661 1088 quin
688 1052 734 1077 eo
761 1040 974 1090 adducere,
1004 1043 1048 1077 ut
1073 1041 1148 1077 alia
1174 1041 1303 1077 omnia
1337 1051 1429 1076 vera
1463 1051 1543 1076 cre-

215 1102 294 1152 dat,
322 1104 362 1138 et
387 1113 496 1140 meae
522 1102 663 1138 rationi
690 1102 937 1149 opitulentur.
965 1123 1015 1130 —
1042 1101 1156 1144 Quod
1182 1102 1223 1137 in
1249 1113 1284 1138 v.
1305 1101 1366 1137 26.
1395 1104 1544 1138 duram

213 1165 361 1201 Petillii
385 1173 579 1201 caussam
605 1159 673 1215 (cf.
703 1163 780 1199 Sat.
809 1163 845 1212 4,
863 1160 948 1215 94.)
975 1163 1132 1210 oblique
1151 1162 1288 1212 tangit,
1316 1162 1542 1208 gravissimo

214 1224 543 1273 documentoest,
581 1224 739 1260 satiram
766 1226 855 1260 ante
883 1235 917 1260 a.
946 1224 1031 1260 720.
1067 1226 1192 1260 ortam
1219 1235 1328 1273 esse3
1353 1234 1443 1260 nam
1476 1223 1541 1259 illo

213 1285 398 1334 temporis
426 1287 551 1322 tractu
577 1285 760 1321 Horatius
790 1285 946 1322 Caesari
981 1285 1135 1321 deditus
1171 1295 1256 1320 esse
1292 1285 1440 1333 coepit,
1477 1285 1541 1321 de-

213 1347 355 1395 siitque
390 1345 472 1392 ejus
508 1345 761 1382 familiaribus
795 1345 969 1381 illudere.
1021 1346 1130 1382 Idem
1157 1345 1321 1382 suadent
1345 1357 1381 1381 v.
1409 1345 1458 1381 42
1484 1355 1539 1392 sq.

211 1405 270 1461 (v.
298 1419 335 1456 p.
363 1403 459 1459 25).
511 1407 590 1444 Diu
616 1406 742 1442 fraudi
776 1406 848 1442 fuit
878 1406 1158 1454 interpretibus
1191 1418 1226 1442 v.
1262 1407 1346 1456 62.‚
1390 1407 1432 1443 in
1465 1417 1541 1454 quo

212 1470 386 1507 ambusti
417 1469 548 1506 Cassia·
572 1469 736 1504 Etrusci
766 1467 912 1502 mentio
939 1468 1040 1503 facta
1066 1470 1136 1504 est.
1190 1469 1302 1504 Hunc
1336 1467 1438 1504 enim
1472 1478 1539 1503 ne-

210 1531 354 1567 minem
380 1530 497 1567 alium
532 1540 647 1577 quam
686 1529 869 1566 Cassium
896 1529 1158 1565 Parmensem
1193 1539 1301 1577 esse,
1337 1539 1455 1565 unum
1490 1539 1539 1565 ex

212 1591 388 1628 Caesaris
426 1589 760 1637 interfectoribus,
805 1591 894 1636 post
931 1599 1098 1636 pugnam
1137 1589 1335 1625 Actiacam
1372 1589 1537 1626 Athenis

209 1653 399 1701 occisum,
428 1650 641 1687 doctissimi
667 1650 809 1697 quique
835 1650 910 1685 rati
937 1652 1045 1698 sunt,
1074 1651 1114 1685 et
1141 1649 1315 1699 quidem,
1351 1653 1394 1685 ut
1419 1661 1536 1686 unum

208 1715 359 1749 tantum
395 1714 434 1748 et
467 1712 630 1748 alterum
667 1711 845 1758 afferam,
889 1712 1068 1748 Masson.
1108 1709 1173 1746 vit.
1214 1711 1307 1746 Hor.
1352 1722 1390 1759 p.
1436 1712 1533 1760 157„
1581 1743 1584 1746 .

208 1775 349 1822 Benll„
377 1774 587 1810 Ruhnken.
616 1772 666 1809 ad
691 1772 786 1809 Vell.
813 1772 895 1808 Pat.
923 1772 960 1820 2,
989 1771 1063 1820 88„
1090 1772 1236 1818 Spohn.
1264 1771 1304 1807 in
1329 1773 1443 1808 Jahn.
1472 1772 1530 1808 ed.

208 1847 246 1884 p.
273 1835 375 1884 261.,
404 1835 444 1870 et
468 1834 531 1869 vel
556 1833 640 1880 ipse
667 1833 832 1870 Kirclm.
861 1834 1008 1880 quaest.
1038 1843 1074 1880 p.
1105 1832 1162 1868 16.
1214 1834 1307 1869 Jure
1334 1845 1427 1870 vero
1453 1844 1531 1870 me-

207 1897 358 1944 ritoque
385 1905 608 1944 perversam
640 1894 754 1930 istam
789 1894 1031 1943 opinionem,
1066 1905 1089 1930 a
1115 1904 1191 1941 qua
1224 1896 1313 1941 post
1339 1895 1433 1932 alios
1460 1894 1531 1931 hac

207 1957 393 1994 memoria
422 1957 623 1994 IVielamI.
652 1957 691 1991 et
718 1954 925 2001 Hee'ndorfi
948 1967 986 2003 p.
1014 1955 1099 1991 221.
1128 1958 1239 1991 caute
1257 1956 1530 2005 discesserunt,

208 2018 362 2066 penitus
398 2017 564 2065 explosit
606 2016 849 2053 doctissimus
892 2017 955 2052 ille
1003 2017 1211 2053 H'eichert.
1253 2016 1294 2052 in
1334 2017 1529 2064 praeclara

207 2080 465 2127 commentat.,
494 2088 607 2124 quam
634 2078 789 2125 scripsit
815 2078 862 2114 de
890 2077 1024 2115 Cassio
1042 2078 1239 2114 Parmensi
1263 2080 1392 2127 poeta,
1420 2078 1527 2123 cujus

208 2139 386 2177 dilucidis
425 2138 784 2176 ratiocinationibus
823 2149 936 2174 nemo
975 2138 1086 2174 facilc
1126 2137 1284 2174 diffidat.
1352 2139 1407 2175 Cf.
1454 2134 1525 2187 (de

206 2202 294 2238 Var.
323 2202 361 2236 et
389 2198 519 2253 Cass.)
546 2211 583 2247 p.
612 2199 685 2235 265
712 2210 766 2246 sq.
797 2201 836 2235 ct
861 2201 964 2246 poet.
992 2199 1059 2236 rel.
1087 2209 1123 2245 p.
1152 2198 1236 2233 276.
1257 2219 1305 2225 -—
1322 2199 1524 2236 Difficilem

204 2262 438 2310 explicatum
464 2261 607 2298 liabent
633 2272 688 2296 νε.
717 2261 766 2296 38
792 2270 870 2307 sq.:

733 2340 784 2349 ·-
808 2342 858 2348 —
883 2322 983 2358 leaeo
1008 2333 1080 2369 eqo
1105 2324 1213 2371 lado,

404 2383 519 2428 Quae
551 2394 680 2431 neque
714 2384 756 2420 in
793 2385 892 2419 aede
924 2387 1066 2420 sonent
1099 2384 1296 2420 certantia
1322 2380 1464 2427 judice

931 2445 1079 2492 Tarpa,

405 2507 486 2544 Nec
521 2507 688 2542 redeant
727 2508 870 2542 iterum
914 2509 1032 2551 atque
1073 2506 1215 2542 iterum
1249 2507 1469 2550 spectanda

929 2566 1099 2602 theam-is.
