<?xml version="1.0" encoding="UTF-8"?>
<!DOCTYPE html PUBLIC "-//W3C//DTD XHTML 1.0 Transitional//EN"
    "http://www.w3.org/TR/xhtml1/DTD/xhtml1-transitional.dtd">
<html xmlns="http://www.w3.org/1999/xhtml" xml:lang="en" lang="en">
 <head>
  <title>
</title>
<meta http-equiv="Content-Type" content="text/html;charset=utf-8" />
  <meta name='ocr-system' content='tesseract 3.04.00' />
  <meta name='ocr-capabilities' content='ocr_page ocr_carea ocr_par ocr_line ocrx_word'/>
</head>
<body>
  <div class='ocr_page' id='page_1' title='image "./fastihoratianiac00franuoft_0132.png"; bbox 0 0 1643 2959; ppageno 0'>
   <div class='ocr_carea' id='block_1_1' title="bbox 689 262 963 302">
    <p class='ocr_par' dir='ltr' id='par_1_1' title="bbox 689 262 963 302">
     <span class='ocr_line' id='line_1_1' title="bbox 689 262 963 302; baseline 0.004 -1"><span class='ocrx_word' id='word_1_1' title='bbox 689 262 963 302; x_wconf 79' lang='lat'>—122—</span> 
     </span>
    </p>
   </div>
   <div class='ocr_carea' id='block_1_2' title="bbox 154 367 1492 1214">
    <p class='ocr_par' dir='ltr' id='par_1_2' title="bbox 161 367 1491 601">
     <span class='ocr_line' id='line_1_2' title="bbox 163 367 1491 420; baseline 0.004 -16"><span class='ocrx_word' id='word_1_2' title='bbox 163 367 297 415; x_wconf 86' lang='lat' dir='ltr'>primit</span> <span class='ocrx_word' id='word_1_3' title='bbox 321 379 358 405; x_wconf 86' lang='lat' dir='ltr'>v.</span> <span class='ocrx_word' id='word_1_4' title='bbox 385 368 446 405; x_wconf 87' lang='lat'>60.</span> <span class='ocrx_word' id='word_1_5' title='bbox 473 368 620 416; x_wconf 89' lang='lat' dir='ltr'>pariter</span> <span class='ocrx_word' id='word_1_6' title='bbox 646 370 762 416; x_wconf 86' lang='lat' dir='ltr'>atque</span> <span class='ocrx_word' id='word_1_7' title='bbox 789 369 964 406; x_wconf 89' lang='lat' dir='ltr'>amabilis</span> <span class='ocrx_word' id='word_1_8' title='bbox 991 369 1254 407; x_wconf 75' lang='lat' dir='ltr'>rusticationis</span> <span class='ocrx_word' id='word_1_9' title='bbox 1282 372 1491 420; x_wconf 79' lang='lat' dir='ltr'>descriptio</span> 
     </span>
     <span class='ocr_line' id='line_1_3' title="bbox 162 424 1491 482; baseline 0.003 -17"><span class='ocrx_word' id='word_1_10' title='bbox 162 424 235 482; x_wconf 87' lang='lat'>(62</span> <span class='ocrx_word' id='word_1_11' title='bbox 253 426 334 482; x_wconf 88' lang='lat' dir='ltr'>sq.)</span> <span class='ocrx_word' id='word_1_12' title='bbox 361 429 576 465; x_wconf 83' lang='lat' dir='ltr'>certissimo</span> <span class='ocrx_word' id='word_1_13' title='bbox 604 428 835 467; x_wconf 90' lang='lat' dir='ltr'>documento</span> <span class='ocrx_word' id='word_1_14' title='bbox 871 432 973 480; x_wconf 91' lang='lat' dir='ltr'>sunt,</span> <span class='ocrx_word' id='word_1_15' title='bbox 1001 441 1090 467; x_wconf 90' lang='lat' dir='ltr'>eum</span> <span class='ocrx_word' id='word_1_16' title='bbox 1114 431 1266 478; x_wconf 87' lang='lat' dir='ltr'>pridem</span> <span class='ocrx_word' id='word_1_17' title='bbox 1291 432 1491 480; x_wconf 76' lang='lat' dir='ltr'>praedium</span> 
     </span>
     <span class='ocr_line' id='line_1_4' title="bbox 162 489 1488 539; baseline 0.004 -12"><span class='ocrx_word' id='word_1_18' title='bbox 162 490 366 539; x_wconf 71' lang='lat' dir='ltr'>habuisse,</span> <span class='ocrx_word' id='word_1_19' title='bbox 401 489 442 526; x_wconf 93' lang='lat' dir='ltr'>id</span> <span class='ocrx_word' id='word_1_20' title='bbox 475 490 580 538; x_wconf 89' lang='lat' dir='ltr'>quod</span> <span class='ocrx_word' id='word_1_21' title='bbox 614 491 757 528; x_wconf 89' lang='lat' dir='ltr'>dudum</span> <span class='ocrx_word' id='word_1_22' title='bbox 791 492 1014 530; x_wconf 84' lang='lat' dir='ltr'>observavit</span> <span class='ocrx_word' id='word_1_23' title='bbox 1049 492 1319 538; x_wconf 84' lang='lat' dir='ltr'>sagacissimus</span> <span class='ocrx_word' id='word_1_24' title='bbox 1345 494 1488 532; x_wconf 85' lang='lat' dir='ltr'>Obbar.</span> 
     </span>
     <span class='ocr_line' id='line_1_5' title="bbox 161 551 1016 601; baseline 0.002 -13"><span class='ocrx_word' id='word_1_25' title='bbox 161 551 203 588; x_wconf 88' lang='lat' dir='ltr'>in</span> <span class='ocrx_word' id='word_1_26' title='bbox 229 552 353 588; x_wconf 89' lang='lat' dir='ltr'>diurn.</span> <span class='ocrx_word' id='word_1_27' title='bbox 383 551 500 588; x_wconf 89' lang='lat' dir='ltr'>schol.</span> <span class='ocrx_word' id='word_1_28' title='bbox 528 553 697 590; x_wconf 90' lang='lat' dir='ltr'>Darmst.</span> <span class='ocrx_word' id='word_1_29' title='bbox 728 554 836 590; x_wconf 88' lang='lat'>1834.</span> <span class='ocrx_word' id='word_1_30' title='bbox 864 565 901 601; x_wconf 88' lang='lat' dir='ltr'>p.</span> <span class='ocrx_word' id='word_1_31' title='bbox 930 553 1016 590; x_wconf 88' lang='lat'>918.</span> 
     </span>
    </p>

    <p class='ocr_par' dir='ltr' id='par_1_3' title="bbox 154 611 1492 1214">
     <span class='ocr_line' id='line_1_6' title="bbox 259 611 1492 664; baseline 0.005 -17"><span class='ocrx_word' id='word_1_32' title='bbox 259 611 305 647; x_wconf 92' lang='lat' dir='ltr'>In</span> <span class='ocrx_word' id='word_1_33' title='bbox 343 613 471 648; x_wconf 86' lang='lat' dir='ltr'>aetate</span> <span class='ocrx_word' id='word_1_34' title='bbox 511 615 641 650; x_wconf 89' lang='lat' dir='ltr'>autem</span> <span class='ocrx_word' id='word_1_35' title='bbox 680 616 821 652; x_wconf 84' lang='lat' dir='ltr'>satirae</span> <span class='ocrx_word' id='word_1_36' title='bbox 869 614 1087 652; x_wconf 84' lang='lat' dir='ltr'>definienda</span> <span class='ocrx_word' id='word_1_37' title='bbox 1125 616 1317 664; x_wconf 87' lang='lat' dir='ltr'>permirus</span> <span class='ocrx_word' id='word_1_38' title='bbox 1356 619 1416 653; x_wconf 89' lang='lat' dir='ltr'>est</span> <span class='ocrx_word' id='word_1_39' title='bbox 1453 619 1492 654; x_wconf 88' lang='lat' dir='ltr'>et</span> 
     </span>
     <span class='ocr_line' id='line_1_7' title="bbox 159 672 1491 726; baseline 0.005 -18"><span class='ocrx_word' id='word_1_40' title='bbox 159 672 351 709; x_wconf 86' lang='lat' dir='ltr'>unanimis</span> <span class='ocrx_word' id='word_1_41' title='bbox 377 674 636 712; x_wconf 86' lang='lat' dir='ltr'>recentiorum</span> <span class='ocrx_word' id='word_1_42' title='bbox 653 676 909 725; x_wconf 84' lang='lat' dir='ltr'>interpretum</span> <span class='ocrx_word' id='word_1_43' title='bbox 927 687 1152 726; x_wconf 81' lang='lat' dir='ltr'>consensus,</span> <span class='ocrx_word' id='word_1_44' title='bbox 1180 688 1344 725; x_wconf 89' lang='lat' dir='ltr'>quorum</span> <span class='ocrx_word' id='word_1_45' title='bbox 1361 677 1491 725; x_wconf 86' lang='lat' dir='ltr'>dispu-</span> 
     </span>
     <span class='ocr_line' id='line_1_8' title="bbox 159 734 1491 788; baseline 0.005 -19"><span class='ocrx_word' id='word_1_46' title='bbox 159 734 372 771; x_wconf 87' lang='lat' dir='ltr'>tationibus</span> <span class='ocrx_word' id='word_1_47' title='bbox 399 739 583 772; x_wconf 82' lang='lat' dir='ltr'>cormunt</span> <span class='ocrx_word' id='word_1_48' title='bbox 610 738 748 787; x_wconf 88' lang='lat' dir='ltr'>etiam,</span> <span class='ocrx_word' id='word_1_49' title='bbox 777 749 875 785; x_wconf 88' lang='lat' dir='ltr'>quae</span> <span class='ocrx_word' id='word_1_50' title='bbox 902 738 1101 784; x_wconf 87' lang='lat' dir='ltr'>Bentlejus</span> <span class='ocrx_word' id='word_1_51' title='bbox 1128 739 1170 774; x_wconf 92' lang='lat' dir='ltr'>in</span> <span class='ocrx_word' id='word_1_52' title='bbox 1196 740 1339 788; x_wconf 69' lang='lat' dir='ltr'>praefi,</span> <span class='ocrx_word' id='word_1_53' title='bbox 1378 739 1491 787; x_wconf 88' lang='lat' dir='ltr'>eique</span> 
     </span>
     <span class='ocr_line' id='line_1_9' title="bbox 158 794 1490 852; baseline 0.004 -21"><span class='ocrx_word' id='word_1_54' title='bbox 158 794 383 844; x_wconf 88' lang='lat' dir='ltr'>adstipulati</span> <span class='ocrx_word' id='word_1_55' title='bbox 425 797 625 835; x_wconf 82' lang='lat' dir='ltr'>Heindorf.</span> <span class='ocrx_word' id='word_1_56' title='bbox 660 810 698 846; x_wconf 95' lang='lat' dir='ltr'>p.</span> <span class='ocrx_word' id='word_1_57' title='bbox 742 800 827 836; x_wconf 84' lang='lat'>392.</span> <span class='ocrx_word' id='word_1_58' title='bbox 864 796 920 852; x_wconf 91' lang='lat' dir='ltr'>(v.</span> <span class='ocrx_word' id='word_1_59' title='bbox 950 795 1055 852; x_wconf 84' lang='lat'>55.)‚</span> <span class='ocrx_word' id='word_1_60' title='bbox 1098 800 1289 837; x_wconf 89' lang='lat' dir='ltr'>Wieland.</span> <span class='ocrx_word' id='word_1_61' title='bbox 1332 802 1411 836; x_wconf 85' lang='lat' dir='ltr'>not.</span> <span class='ocrx_word' id='word_1_62' title='bbox 1456 800 1490 836; x_wconf 86' lang='lat'>4.</span> 
     </span>
     <span class='ocr_line' id='line_1_10' title="bbox 158 857 1491 909; baseline 0.003 -16"><span class='ocrx_word' id='word_1_63' title='bbox 158 857 301 905; x_wconf 89' lang='lat' dir='ltr'>aliique</span> <span class='ocrx_word' id='word_1_64' title='bbox 329 857 377 894; x_wconf 90' lang='lat' dir='ltr'>de</span> <span class='ocrx_word' id='word_1_65' title='bbox 404 860 577 907; x_wconf 88' lang='lat' dir='ltr'>tempore</span> <span class='ocrx_word' id='word_1_66' title='bbox 604 871 683 896; x_wconf 84' lang='lat' dir='ltr'>non</span> <span class='ocrx_word' id='word_1_67' title='bbox 707 863 813 897; x_wconf 86' lang='lat' dir='ltr'>recte</span> <span class='ocrx_word' id='word_1_68' title='bbox 840 862 1095 909; x_wconf 84' lang='lat' dir='ltr'>protulerunt.</span> <span class='ocrx_word' id='word_1_69' title='bbox 1146 862 1239 898; x_wconf 90' lang='lat' dir='ltr'>Post</span> <span class='ocrx_word' id='word_1_70' title='bbox 1265 862 1491 898; x_wconf 86' lang='lat' dir='ltr'>Massonum</span> 
     </span>
     <span class='ocr_line' id='line_1_11' title="bbox 156 916 1489 971; baseline 0.004 -17"><span class='ocrx_word' id='word_1_71' title='bbox 156 918 276 964; x_wconf 87' lang='lat' dir='ltr'>igitur</span> <span class='ocrx_word' id='word_1_72' title='bbox 301 916 390 971; x_wconf 86' lang='lat' dir='ltr'>(vit.</span> <span class='ocrx_word' id='word_1_73' title='bbox 418 921 511 957; x_wconf 91' lang='lat' dir='ltr'>Hor.</span> <span class='ocrx_word' id='word_1_74' title='bbox 539 932 576 969; x_wconf 93' lang='lat' dir='ltr'>p.</span> <span class='ocrx_word' id='word_1_75' title='bbox 609 922 831 959; x_wconf 82' lang='lat'>150—154.</span> <span class='ocrx_word' id='word_1_76' title='bbox 861 925 900 959; x_wconf 90' lang='lat' dir='ltr'>et</span> <span class='ocrx_word' id='word_1_77' title='bbox 933 923 1094 959; x_wconf 87' lang='lat' dir='ltr'>histoire</span> <span class='ocrx_word' id='word_1_78' title='bbox 1133 923 1216 960; x_wconf 88' lang='lat' dir='ltr'>erit.</span> <span class='ocrx_word' id='word_1_79' title='bbox 1254 922 1301 958; x_wconf 92' lang='lat' dir='ltr'>de</span> <span class='ocrx_word' id='word_1_80' title='bbox 1337 923 1374 959; x_wconf 88' lang='lat' dir='ltr'>la</span> <span class='ocrx_word' id='word_1_81' title='bbox 1407 921 1489 970; x_wconf 78' lang='lat' dir='ltr'>rep.</span> 
     </span>
     <span class='ocr_line' id='line_1_12' title="bbox 158 978 1490 1034; baseline 0.002 -18"><span class='ocrx_word' id='word_1_82' title='bbox 158 978 193 1016; x_wconf 87' lang='lat' dir='ltr'>d.</span> <span class='ocrx_word' id='word_1_83' title='bbox 221 980 324 1017; x_wconf 86' lang='lat' dir='ltr'>lettr.</span> <span class='ocrx_word' id='word_1_84' title='bbox 352 981 426 1017; x_wconf 87' lang='lat' dir='ltr'>vol.</span> <span class='ocrx_word' id='word_1_85' title='bbox 462 983 507 1018; x_wconf 93' lang='lat' dir='ltr'>V.</span> <span class='ocrx_word' id='word_1_86' title='bbox 543 993 580 1030; x_wconf 91' lang='lat' dir='ltr'>p.</span> <span class='ocrx_word' id='word_1_87' title='bbox 619 980 726 1034; x_wconf 93' lang='lat'>197.)</span> <span class='ocrx_word' id='word_1_88' title='bbox 763 995 849 1019; x_wconf 89' lang='lat' dir='ltr'>eam</span> <span class='ocrx_word' id='word_1_89' title='bbox 882 984 1073 1021; x_wconf 85' lang='lat' dir='ltr'>rationem</span> <span class='ocrx_word' id='word_1_90' title='bbox 1107 994 1223 1031; x_wconf 87' lang='lat' dir='ltr'>quam</span> <span class='ocrx_word' id='word_1_91' title='bbox 1257 995 1383 1020; x_wconf 85' lang='lat' dir='ltr'>meam</span> <span class='ocrx_word' id='word_1_92' title='bbox 1416 984 1490 1020; x_wconf 86' lang='lat' dir='ltr'>feci</span> 
     </span>
     <span class='ocr_line' id='line_1_13' title="bbox 158 1041 1490 1092; baseline 0.002 -16"><span class='ocrx_word' id='word_1_93' title='bbox 158 1041 281 1077; x_wconf 89' lang='lat' dir='ltr'>secuti</span> <span class='ocrx_word' id='word_1_94' title='bbox 307 1043 397 1077; x_wconf 89' lang='lat' dir='ltr'>sunt</span> <span class='ocrx_word' id='word_1_95' title='bbox 422 1042 586 1079; x_wconf 69' lang='lat' dir='ltr'>,Iahnius</span> <span class='ocrx_word' id='word_1_96' title='bbox 614 1044 654 1079; x_wconf 90' lang='lat' dir='ltr'>in</span> <span class='ocrx_word' id='word_1_97' title='bbox 682 1044 807 1080; x_wconf 88' lang='lat' dir='ltr'>annal.</span> <span class='ocrx_word' id='word_1_98' title='bbox 836 1055 924 1080; x_wconf 89' lang='lat' dir='ltr'>ann.</span> <span class='ocrx_word' id='word_1_99' title='bbox 954 1044 1062 1080; x_wconf 87' lang='lat'>1831.</span> <span class='ocrx_word' id='word_1_100' title='bbox 1091 1044 1119 1080; x_wconf 95' lang='lat' dir='ltr'>I.</span> <span class='ocrx_word' id='word_1_101' title='bbox 1148 1044 1184 1080; x_wconf 89' lang='lat'>2.</span> <span class='ocrx_word' id='word_1_102' title='bbox 1212 1056 1249 1092; x_wconf 93' lang='lat' dir='ltr'>p.</span> <span class='ocrx_word' id='word_1_103' title='bbox 1269 1045 1354 1080; x_wconf 90' lang='lat'>229.</span> <span class='ocrx_word' id='word_1_104' title='bbox 1385 1046 1424 1080; x_wconf 88' lang='lat' dir='ltr'>et</span> <span class='ocrx_word' id='word_1_105' title='bbox 1449 1046 1490 1081; x_wconf 89' lang='lat' dir='ltr'>in</span> 
     </span>
     <span class='ocr_line' id='line_1_14' title="bbox 156 1100 1487 1155; baseline 0.003 -18"><span class='ocrx_word' id='word_1_106' title='bbox 156 1100 217 1139; x_wconf 86' lang='lat' dir='ltr'>ed.</span> <span class='ocrx_word' id='word_1_107' title='bbox 245 1102 337 1138; x_wconf 91' lang='lat' dir='ltr'>Hor.</span> <span class='ocrx_word' id='word_1_108' title='bbox 365 1113 403 1150; x_wconf 90' lang='lat' dir='ltr'>p.</span> <span class='ocrx_word' id='word_1_109' title='bbox 432 1103 533 1153; x_wconf 90' lang='lat'>271.,</span> <span class='ocrx_word' id='word_1_110' title='bbox 561 1105 718 1141; x_wconf 87' lang='lat' dir='ltr'>Kirchn.</span> <span class='ocrx_word' id='word_1_111' title='bbox 749 1108 897 1152; x_wconf 87' lang='lat' dir='ltr'>quaest.</span> <span class='ocrx_word' id='word_1_112' title='bbox 927 1116 963 1152; x_wconf 89' lang='lat' dir='ltr'>p.</span> <span class='ocrx_word' id='word_1_113' title='bbox 995 1106 1051 1142; x_wconf 88' lang='grc'>19.</span> <span class='ocrx_word' id='word_1_114' title='bbox 1080 1103 1116 1155; x_wconf 84' lang='lat'>§.</span> <span class='ocrx_word' id='word_1_115' title='bbox 1145 1105 1206 1142; x_wconf 87' lang='grc'>37.</span> <span class='ocrx_word' id='word_1_116' title='bbox 1235 1105 1310 1154; x_wconf 89' lang='lat'>38.,</span> <span class='ocrx_word' id='word_1_117' title='bbox 1341 1106 1487 1141; x_wconf 80' lang='lat' dir='ltr'>Grotes.</span> 
     </span>
     <span class='ocr_line' id='line_1_15' title="bbox 154 1163 1463 1214; baseline 0.003 -15"><span class='ocrx_word' id='word_1_118' title='bbox 154 1174 192 1211; x_wconf 93' lang='lat' dir='ltr'>p.</span> <span class='ocrx_word' id='word_1_119' title='bbox 219 1163 305 1200; x_wconf 89' lang='grc'><strong>466.</strong></span> <span class='ocrx_word' id='word_1_120' title='bbox 333 1175 382 1213; x_wconf 86' lang='lat' dir='ltr'>a.,</span> <span class='ocrx_word' id='word_1_121' title='bbox 409 1164 552 1201; x_wconf 87' lang='lat' dir='ltr'>Obbar.</span> <span class='ocrx_word' id='word_1_122' title='bbox 580 1165 604 1202; x_wconf 86' lang='lat'>1.</span> <span class='ocrx_word' id='word_1_123' title='bbox 632 1166 672 1214; x_wconf 93' lang='lat' dir='ltr'>l.,</span> <span class='ocrx_word' id='word_1_124' title='bbox 700 1166 856 1202; x_wconf 84' lang='lat' dir='ltr'>Passov.</span> <span class='ocrx_word' id='word_1_125' title='bbox 886 1167 952 1202; x_wconf 81' lang='lat' dir='ltr'>vit.</span> <span class='ocrx_word' id='word_1_126' title='bbox 981 1170 1059 1203; x_wconf 92' lang='lat' dir='ltr'>not.</span> <span class='ocrx_word' id='word_1_127' title='bbox 1089 1167 1148 1203; x_wconf 90' lang='lat'>45.</span> <span class='ocrx_word' id='word_1_128' title='bbox 1179 1167 1262 1203; x_wconf 91' lang='grc'><strong>115.</strong></span> <span class='ocrx_word' id='word_1_129' title='bbox 1292 1169 1332 1203; x_wconf 85' lang='lat' dir='ltr'>et</span> <span class='ocrx_word' id='word_1_130' title='bbox 1358 1165 1463 1203; x_wconf 87' lang='lat' dir='ltr'>alibi.</span> 
     </span>
    </p>
   </div>
   <div class='ocr_carea' id='block_1_3' title="bbox 146 1285 1489 2438">
    <p class='ocr_par' dir='ltr' id='par_1_4' title="bbox 146 1285 1489 2438">
     <span class='ocr_line' id='line_1_16' title="bbox 254 1285 1489 1339; baseline 0.001 -17"><span class='ocrx_word' id='word_1_131' title='bbox 254 1285 512 1324; x_wconf 67' lang='lat' dir='ltr'>SATIRA</span> <span class='ocrx_word' id='word_1_132' title='bbox 545 1288 653 1325; x_wconf 80' lang='lat' dir='ltr'>VH.</span> <span class='ocrx_word' id='word_1_133' title='bbox 698 1290 988 1339; x_wconf 70' lang='lat' dir='ltr'>„Jamdndum</span> <span class='ocrx_word' id='word_1_134' title='bbox 1028 1289 1244 1326; x_wconf 76' lang='lat' dir='ltr'>ausculto²²</span> <span class='ocrx_word' id='word_1_135' title='bbox 1281 1290 1322 1324; x_wconf 87' lang='lat' dir='ltr'>et</span> <span class='ocrx_word' id='word_1_136' title='bbox 1359 1287 1489 1324; x_wconf 76' lang='lat' dir='ltr'>vm.</span> 
     </span>
     <span class='ocr_line' id='line_1_17' title="bbox 147 1347 1487 1398; baseline 0.001 -13"><span class='ocrx_word' id='word_1_137' title='bbox 147 1347 238 1398; x_wconf 78' lang='lat' dir='ltr'>„Ut</span> <span class='ocrx_word' id='word_1_138' title='bbox 270 1349 511 1387; x_wconf 58' lang='lat' dir='ltr'>Nasidieni„</span> <span class='ocrx_word' id='word_1_139' title='bbox 552 1361 601 1387; x_wconf 84' lang='lat' dir='ltr'>ex</span> <span class='ocrx_word' id='word_1_140' title='bbox 643 1361 730 1386; x_wconf 86' lang='lat' dir='ltr'>mea</span> <span class='ocrx_word' id='word_1_141' title='bbox 772 1350 929 1398; x_wconf 89' lang='lat' dir='ltr'>quidem</span> <span class='ocrx_word' id='word_1_142' title='bbox 973 1350 1165 1387; x_wconf 85' lang='lat' dir='ltr'>sententia</span> <span class='ocrx_word' id='word_1_143' title='bbox 1191 1348 1487 1398; x_wconf 80' lang='lat' dir='ltr'>praecedentem</span> 
     </span>
     <span class='ocr_line' id='line_1_18' title="bbox 153 1409 1487 1459; baseline 0.002 -14"><span class='ocrx_word' id='word_1_144' title='bbox 153 1409 329 1456; x_wconf 84' lang='lat' dir='ltr'>proxime</span> <span class='ocrx_word' id='word_1_145' title='bbox 366 1413 520 1447; x_wconf 85' lang='lat' dir='ltr'>secutae</span> <span class='ocrx_word' id='word_1_146' title='bbox 549 1414 588 1447; x_wconf 90' lang='lat' dir='ltr'>et</span> <span class='ocrx_word' id='word_1_147' title='bbox 615 1423 648 1448; x_wconf 90' lang='lat' dir='ltr'>a.</span> <span class='ocrx_word' id='word_1_148' title='bbox 677 1412 761 1448; x_wconf 79' lang='grc'><strong>724.</strong></span> <span class='ocrx_word' id='word_1_149' title='bbox 800 1412 967 1459; x_wconf 87' lang='lat' dir='ltr'>scriptae</span> <span class='ocrx_word' id='word_1_150' title='bbox 1005 1413 1105 1448; x_wconf 88' lang='lat' dir='ltr'>sunt.</span> <span class='ocrx_word' id='word_1_151' title='bbox 1155 1410 1344 1449; x_wconf 88' lang='lat' dir='ltr'>Neutrius</span> <span class='ocrx_word' id='word_1_152' title='bbox 1379 1412 1487 1448; x_wconf 83' lang='lat' dir='ltr'>aetas</span> 
     </span>
     <span class='ocr_line' id='line_1_19' title="bbox 154 1471 1487 1520; baseline 0.002 -14"><span class='ocrx_word' id='word_1_153' title='bbox 154 1472 259 1507; x_wconf 87' lang='lat' dir='ltr'>certo</span> <span class='ocrx_word' id='word_1_154' title='bbox 293 1473 423 1519; x_wconf 87' lang='lat' dir='ltr'>potest</span> <span class='ocrx_word' id='word_1_155' title='bbox 459 1473 637 1509; x_wconf 79' lang='lat' dir='ltr'>describi.</span> <span class='ocrx_word' id='word_1_156' title='bbox 690 1473 736 1510; x_wconf 88' lang='lat' dir='ltr'>In</span> <span class='ocrx_word' id='word_1_157' title='bbox 770 1473 991 1509; x_wconf 89' lang='lat' dir='ltr'>novissimis</span> <span class='ocrx_word' id='word_1_158' title='bbox 1027 1484 1114 1509; x_wconf 88' lang='lat' dir='ltr'>esse</span> <span class='ocrx_word' id='word_1_159' title='bbox 1149 1473 1354 1520; x_wconf 88' lang='lat' dir='ltr'>septimam</span> <span class='ocrx_word' id='word_1_160' title='bbox 1394 1471 1487 1509; x_wconf 87' lang='lat' dir='ltr'>inde</span> 
     </span>
     <span class='ocr_line' id='line_1_20' title="bbox 153 1532 1486 1582; baseline 0.002 -14"><span class='ocrx_word' id='word_1_161' title='bbox 153 1532 323 1582; x_wconf 82' lang='lat' dir='ltr'>colligas,</span> <span class='ocrx_word' id='word_1_162' title='bbox 351 1533 455 1581; x_wconf 91' lang='lat' dir='ltr'>quod</span> <span class='ocrx_word' id='word_1_163' title='bbox 481 1534 683 1582; x_wconf 85' lang='lat' dir='ltr'>praedium</span> <span class='ocrx_word' id='word_1_164' title='bbox 711 1534 894 1571; x_wconf 87' lang='lat' dir='ltr'>Sabinum</span> <span class='ocrx_word' id='word_1_165' title='bbox 921 1546 955 1570; x_wconf 85' lang='lat' dir='ltr'>v.</span> <span class='ocrx_word' id='word_1_166' title='bbox 985 1534 1044 1571; x_wconf 87' lang='lat'>28.</span> <span class='ocrx_word' id='word_1_167' title='bbox 1074 1536 1114 1570; x_wconf 87' lang='lat' dir='ltr'>et</span> <span class='ocrx_word' id='word_1_168' title='bbox 1142 1534 1224 1571; x_wconf 90' lang='lat'>118.</span> <span class='ocrx_word' id='word_1_169' title='bbox 1259 1534 1315 1570; x_wconf 86' lang='lat' dir='ltr'>ita</span> <span class='ocrx_word' id='word_1_170' title='bbox 1342 1544 1486 1570; x_wconf 88' lang='lat' dir='ltr'>memo-</span> 
     </span>
     <span class='ocr_line' id='line_1_21' title="bbox 152 1594 1483 1643; baseline 0.002 -15"><span class='ocrx_word' id='word_1_171' title='bbox 152 1595 281 1642; x_wconf 84' lang='lat' dir='ltr'>ratur,</span> <span class='ocrx_word' id='word_1_172' title='bbox 310 1597 353 1630; x_wconf 87' lang='lat' dir='ltr'>ut</span> <span class='ocrx_word' id='word_1_173' title='bbox 379 1597 495 1642; x_wconf 84' lang='lat' dir='ltr'>poeta</span> <span class='ocrx_word' id='word_1_174' title='bbox 522 1596 672 1643; x_wconf 88' lang='lat' dir='ltr'>pridem</span> <span class='ocrx_word' id='word_1_175' title='bbox 698 1596 738 1632; x_wconf 90' lang='lat' dir='ltr'>in</span> <span class='ocrx_word' id='word_1_176' title='bbox 766 1596 848 1641; x_wconf 84' lang='lat' dir='ltr'>ejus</span> <span class='ocrx_word' id='word_1_177' title='bbox 875 1595 1122 1643; x_wconf 79' lang='lat' dir='ltr'>possessione</span> <span class='ocrx_word' id='word_1_178' title='bbox 1150 1596 1268 1631; x_wconf 82' lang='lat' dir='ltr'>fuisse</span> <span class='ocrx_word' id='word_1_179' title='bbox 1295 1594 1483 1631; x_wconf 82' lang='lat' dir='ltr'>videatur.</span> 
     </span>
     <span class='ocr_line' id='line_1_22' title="bbox 152 1651 1484 1704; baseline 0.001 -14"><span class='ocrx_word' id='word_1_180' title='bbox 152 1651 228 1690; x_wconf 89' lang='lat' dir='ltr'>Sed</span> <span class='ocrx_word' id='word_1_181' title='bbox 273 1654 315 1690; x_wconf 89' lang='lat' dir='ltr'>in</span> <span class='ocrx_word' id='word_1_182' title='bbox 363 1656 600 1703; x_wconf 82' lang='lat' dir='ltr'>explorando</span> <span class='ocrx_word' id='word_1_183' title='bbox 648 1659 822 1704; x_wconf 86' lang='lat' dir='ltr'>tempore</span> <span class='ocrx_word' id='word_1_184' title='bbox 871 1658 941 1692; x_wconf 87' lang='lat' dir='ltr'>sat.</span> <span class='ocrx_word' id='word_1_185' title='bbox 978 1656 1012 1692; x_wconf 90' lang='lat'>8.</span> <span class='ocrx_word' id='word_1_186' title='bbox 1050 1657 1193 1692; x_wconf 83' lang='lat' dir='ltr'>frustra</span> <span class='ocrx_word' id='word_1_187' title='bbox 1233 1655 1484 1692; x_wconf 82' lang='lat' dir='ltr'>laboraveris.</span> 
     </span>
     <span class='ocr_line' id='line_1_23' title="bbox 150 1715 1485 1766; baseline 0.002 -15"><span class='ocrx_word' id='word_1_188' title='bbox 150 1715 232 1752; x_wconf 91' lang='lat' dir='ltr'>Nec</span> <span class='ocrx_word' id='word_1_189' title='bbox 260 1716 471 1763; x_wconf 85' lang='lat' dir='ltr'>expisceris</span> <span class='ocrx_word' id='word_1_190' title='bbox 499 1717 623 1766; x_wconf 86' lang='lat' dir='ltr'>facile,</span> <span class='ocrx_word' id='word_1_191' title='bbox 653 1718 738 1765; x_wconf 89' lang='lat' dir='ltr'>quis</span> <span class='ocrx_word' id='word_1_192' title='bbox 766 1719 829 1754; x_wconf 89' lang='lat' dir='ltr'>ille</span> <span class='ocrx_word' id='word_1_193' title='bbox 856 1717 1091 1754; x_wconf 80' lang='lat' dir='ltr'>Nasidienus</span> <span class='ocrx_word' id='word_1_194' title='bbox 1119 1717 1247 1755; x_wconf 84' lang='lat' dir='ltr'>fuerit.</span> <span class='ocrx_word' id='word_1_195' title='bbox 1273 1717 1362 1753; x_wconf 82' lang='lat' dir='ltr'>Non</span> <span class='ocrx_word' id='word_1_196' title='bbox 1380 1716 1485 1754; x_wconf 85' lang='lat' dir='ltr'>enim</span> 
     </span>
     <span class='ocr_line' id='line_1_24' title="bbox 150 1777 1485 1828; baseline 0.001 -16"><span class='ocrx_word' id='word_1_197' title='bbox 150 1787 266 1824; x_wconf 89' lang='lat' dir='ltr'>posse</span> <span class='ocrx_word' id='word_1_198' title='bbox 294 1777 457 1824; x_wconf 80' lang='lat' dir='ltr'>intelligi</span> <span class='ocrx_word' id='word_1_199' title='bbox 482 1779 762 1816; x_wconf 74' lang='lat' dir='ltr'>Salvidienum</span> <span class='ocrx_word' id='word_1_200' title='bbox 787 1777 941 1825; x_wconf 78' lang='lat' dir='ltr'>Rufum</span> <span class='ocrx_word' id='word_1_201' title='bbox 946 1807 962 1828; x_wconf 79' lang='lat'><em>&gt;</em></span> <span class='ocrx_word' id='word_1_202' title='bbox 990 1778 1193 1815; x_wconf 86' lang='lat' dir='ltr'>Octaviani</span> <span class='ocrx_word' id='word_1_203' title='bbox 1220 1778 1391 1814; x_wconf 85' lang='lat' dir='ltr'>amicitia</span> <span class='ocrx_word' id='word_1_204' title='bbox 1408 1777 1485 1814; x_wconf 89' lang='lat' dir='ltr'>cla-</span> 
     </span>
     <span class='ocr_line' id='line_1_25' title="bbox 149 1838 1485 1887; baseline 0 -13"><span class='ocrx_word' id='word_1_205' title='bbox 149 1848 235 1874; x_wconf 90' lang='lat' dir='ltr'>rum</span> <span class='ocrx_word' id='word_1_206' title='bbox 260 1859 311 1866; x_wconf 90' lang='lat'>—</span> <span class='ocrx_word' id='word_1_207' title='bbox 343 1839 385 1875; x_wconf 93' lang='lat' dir='ltr'>id</span> <span class='ocrx_word' id='word_1_208' title='bbox 425 1839 528 1887; x_wconf 91' lang='lat' dir='ltr'>quod</span> <span class='ocrx_word' id='word_1_209' title='bbox 568 1842 780 1887; x_wconf 84' lang='lat' dir='ltr'>praeeunte</span> <span class='ocrx_word' id='word_1_210' title='bbox 819 1840 1009 1878; x_wconf 85' lang='lat' dir='ltr'>Lambino</span> <span class='ocrx_word' id='word_1_211' title='bbox 1049 1840 1213 1887; x_wconf 88' lang='lat' dir='ltr'>probare</span> <span class='ocrx_word' id='word_1_212' title='bbox 1254 1838 1485 1875; x_wconf 85' lang='lat' dir='ltr'>studuerunt</span> 
     </span>
     <span class='ocr_line' id='line_1_26' title="bbox 147 1899 1482 1948; baseline 0 -12"><span class='ocrx_word' id='word_1_213' title='bbox 147 1899 348 1937; x_wconf 88' lang='lat' dir='ltr'>Heindorf.</span> <span class='ocrx_word' id='word_1_214' title='bbox 375 1911 413 1948; x_wconf 93' lang='lat' dir='ltr'>p.</span> <span class='ocrx_word' id='word_1_215' title='bbox 442 1901 526 1936; x_wconf 84' lang='lat'>425.</span> <span class='ocrx_word' id='word_1_216' title='bbox 556 1903 594 1936; x_wconf 90' lang='lat' dir='ltr'>et</span> <span class='ocrx_word' id='word_1_217' title='bbox 620 1901 840 1937; x_wconf 88' lang='lat' dir='ltr'>Buttmann.</span> <span class='ocrx_word' id='word_1_218' title='bbox 869 1902 909 1937; x_wconf 90' lang='lat' dir='ltr'>in</span> <span class='ocrx_word' id='word_1_219' title='bbox 936 1901 1149 1948; x_wconf 75' lang='lat' dir='ltr'>Mytholog.</span> <span class='ocrx_word' id='word_1_220' title='bbox 1177 1900 1251 1936; x_wconf 74' lang='lat' dir='ltr'>vol.</span> <span class='ocrx_word' id='word_1_221' title='bbox 1279 1901 1308 1937; x_wconf 95' lang='lat' dir='ltr'>I.</span> <span class='ocrx_word' id='word_1_222' title='bbox 1344 1912 1381 1948; x_wconf 90' lang='lat' dir='ltr'>p.</span> <span class='ocrx_word' id='word_1_223' title='bbox 1404 1899 1482 1936; x_wconf 85' lang='lat'>332</span> 
     </span>
     <span class='ocr_line' id='line_1_27' title="bbox 150 1961 1481 2010; baseline 0.001 -14"><span class='ocrx_word' id='word_1_224' title='bbox 150 1961 386 2007; x_wconf 86' lang='lat' dir='ltr'>sq.—bene</span> <span class='ocrx_word' id='word_1_225' title='bbox 423 1961 594 1998; x_wconf 82' lang='lat' dir='ltr'>ostendit</span> <span class='ocrx_word' id='word_1_226' title='bbox 618 1961 829 1999; x_wconf 85' lang='lat' dir='ltr'>Weichert.</span> <span class='ocrx_word' id='word_1_227' title='bbox 870 1964 974 2010; x_wconf 86' lang='lat' dir='ltr'>poet.</span> <span class='ocrx_word' id='word_1_228' title='bbox 1010 1963 1077 1999; x_wconf 91' lang='lat' dir='ltr'>rel.</span> <span class='ocrx_word' id='word_1_229' title='bbox 1114 1974 1151 2010; x_wconf 89' lang='lat' dir='ltr'>p.</span> <span class='ocrx_word' id='word_1_230' title='bbox 1189 1962 1273 1999; x_wconf 88' lang='lat'>418.</span> <span class='ocrx_word' id='word_1_231' title='bbox 1327 1961 1481 2009; x_wconf 86' lang='lat' dir='ltr'>Quippe</span> 
     </span>
     <span class='ocr_line' id='line_1_28' title="bbox 150 2019 1480 2076; baseline 0 -18"><span class='ocrx_word' id='word_1_232' title='bbox 150 2020 393 2058; x_wconf 86' lang='lat' dir='ltr'>Salvidienus</span> <span class='ocrx_word' id='word_1_233' title='bbox 423 2023 505 2069; x_wconf 87' lang='lat' dir='ltr'>jam</span> <span class='ocrx_word' id='word_1_234' title='bbox 539 2035 573 2060; x_wconf 90' lang='lat' dir='ltr'>a.</span> <span class='ocrx_word' id='word_1_235' title='bbox 609 2023 694 2060; x_wconf 79' lang='lat'>714.</span> <span class='ocrx_word' id='word_1_236' title='bbox 731 2026 894 2060; x_wconf 86' lang='lat' dir='ltr'>mortem</span> <span class='ocrx_word' id='word_1_237' title='bbox 928 2024 1079 2060; x_wconf 86' lang='lat' dir='ltr'>obierat</span> <span class='ocrx_word' id='word_1_238' title='bbox 1132 2019 1231 2076; x_wconf 92' lang='lat' dir='ltr'>(Dio</span> <span class='ocrx_word' id='word_1_239' title='bbox 1268 2024 1374 2060; x_wconf 90' lang='lat' dir='ltr'>Cass.</span> <span class='ocrx_word' id='word_1_240' title='bbox 1415 2021 1480 2070; x_wconf 83' lang='lat'>48,</span> 
     </span>
     <span class='ocr_line' id='line_1_29' title="bbox 148 2081 1480 2136; baseline 0.001 -18"><span class='ocrx_word' id='word_1_241' title='bbox 148 2082 208 2118; x_wconf 88' lang='grc'><strong>33.</strong></span> <span class='ocrx_word' id='word_1_242' title='bbox 237 2082 403 2130; x_wconf 87' lang='lat' dir='ltr'>Appian.</span> <span class='ocrx_word' id='word_1_243' title='bbox 440 2084 476 2120; x_wconf 89' lang='lat' dir='ltr'>b.</span> <span class='ocrx_word' id='word_1_244' title='bbox 515 2085 586 2121; x_wconf 86' lang='lat' dir='ltr'>civ.</span> <span class='ocrx_word' id='word_1_245' title='bbox 615 2086 660 2134; x_wconf 79' lang='lat'>5,</span> <span class='ocrx_word' id='word_1_246' title='bbox 688 2085 749 2121; x_wconf 88' lang='grc'><strong>66.</strong></span> <span class='ocrx_word' id='word_1_247' title='bbox 791 2085 875 2122; x_wconf 84' lang='lat' dir='ltr'>Liv.</span> <span class='ocrx_word' id='word_1_248' title='bbox 904 2086 997 2133; x_wconf 86' lang='lat' dir='ltr'>epit.</span> <span class='ocrx_word' id='word_1_249' title='bbox 1028 2081 1146 2136; x_wconf 87' lang='lat'>127.).</span> <span class='ocrx_word' id='word_1_250' title='bbox 1200 2085 1282 2121; x_wconf 90' lang='lat' dir='ltr'>Nec</span> <span class='ocrx_word' id='word_1_251' title='bbox 1309 2083 1480 2131; x_wconf 88' lang='lat' dir='ltr'>Spohnio</span> 
     </span>
     <span class='ocr_line' id='line_1_30' title="bbox 148 2139 1479 2196; baseline 0 -17"><span class='ocrx_word' id='word_1_252' title='bbox 148 2139 232 2194; x_wconf 88' lang='lat' dir='ltr'>(ed.</span> <span class='ocrx_word' id='word_1_253' title='bbox 259 2144 372 2181; x_wconf 89' lang='lat' dir='ltr'>Jahn.</span> <span class='ocrx_word' id='word_1_254' title='bbox 400 2156 437 2193; x_wconf 91' lang='lat' dir='ltr'>p.</span> <span class='ocrx_word' id='word_1_255' title='bbox 465 2143 575 2196; x_wconf 80' lang='lat'>271.)</span> <span class='ocrx_word' id='word_1_256' title='bbox 602 2146 716 2182; x_wconf 88' lang='lat' dir='ltr'>eredo</span> <span class='ocrx_word' id='word_1_257' title='bbox 743 2147 975 2192; x_wconf 81' lang='lat' dir='ltr'>intelligenti</span> <span class='ocrx_word' id='word_1_258' title='bbox 1003 2147 1048 2189; x_wconf 88' lang='lat' dir='ltr'>Q.</span> <span class='ocrx_word' id='word_1_259' title='bbox 1067 2147 1301 2193; x_wconf 72' lang='lat' dir='ltr'>Nasidium,</span> <span class='ocrx_word' id='word_1_260' title='bbox 1328 2145 1380 2180; x_wconf 90' lang='lat' dir='ltr'>M.</span> <span class='ocrx_word' id='word_1_261' title='bbox 1400 2144 1479 2180; x_wconf 86' lang='lat' dir='ltr'>An-</span> 
     </span>
     <span class='ocr_line' id='line_1_31' title="bbox 148 2204 1478 2256; baseline 0.002 -17"><span class='ocrx_word' id='word_1_262' title='bbox 148 2204 246 2240; x_wconf 90' lang='lat' dir='ltr'>tonii</span> <span class='ocrx_word' id='word_1_263' title='bbox 273 2205 408 2242; x_wconf 89' lang='lat' dir='ltr'>ducem</span> <span class='ocrx_word' id='word_1_264' title='bbox 435 2208 474 2242; x_wconf 89' lang='lat' dir='ltr'>et</span> <span class='ocrx_word' id='word_1_265' title='bbox 501 2207 614 2243; x_wconf 89' lang='lat' dir='ltr'>classi</span> <span class='ocrx_word' id='word_1_266' title='bbox 640 2209 890 2256; x_wconf 83' lang='lat' dir='ltr'>praesectum,</span> <span class='ocrx_word' id='word_1_267' title='bbox 919 2218 1034 2254; x_wconf 81' lang='lat' dir='ltr'>quem</span> <span class='ocrx_word' id='word_1_268' title='bbox 1059 2207 1112 2243; x_wconf 90' lang='lat' dir='ltr'>M.</span> <span class='ocrx_word' id='word_1_269' title='bbox 1131 2205 1306 2252; x_wconf 78' lang='lat' dir='ltr'>Agrippa</span> <span class='ocrx_word' id='word_1_270' title='bbox 1332 2204 1382 2241; x_wconf 91' lang='lat' dir='ltr'>ad</span> <span class='ocrx_word' id='word_1_271' title='bbox 1408 2204 1478 2241; x_wconf 90' lang='lat' dir='ltr'>Pa-</span> 
     </span>
     <span class='ocr_line' id='line_1_32' title="bbox 147 2263 1476 2320; baseline -0.001 -17"><span class='ocrx_word' id='word_1_272' title='bbox 147 2266 227 2303; x_wconf 77' lang='lat' dir='ltr'>tras</span> <span class='ocrx_word' id='word_1_273' title='bbox 255 2277 383 2313; x_wconf 82' lang='lat' dir='ltr'>pugna</span> <span class='ocrx_word' id='word_1_274' title='bbox 409 2269 539 2305; x_wconf 86' lang='lat' dir='ltr'>navali</span> <span class='ocrx_word' id='word_1_275' title='bbox 567 2268 710 2305; x_wconf 84' lang='lat' dir='ltr'>devicit</span> <span class='ocrx_word' id='word_1_276' title='bbox 736 2279 770 2305; x_wconf 88' lang='lat' dir='ltr'>a.</span> <span class='ocrx_word' id='word_1_277' title='bbox 799 2269 883 2304; x_wconf 80' lang='lat'>723.</span> <span class='ocrx_word' id='word_1_278' title='bbox 913 2266 1010 2320; x_wconf 91' lang='lat' dir='ltr'>(Dio</span> <span class='ocrx_word' id='word_1_279' title='bbox 1038 2263 1215 2317; x_wconf 86' lang='lat'>50,13.).</span> <span class='ocrx_word' id='word_1_280' title='bbox 1243 2287 1294 2293; x_wconf 93' lang='lat'>—</span> <span class='ocrx_word' id='word_1_281' title='bbox 1319 2265 1476 2302; x_wconf 87' lang='lat' dir='ltr'>Kirchn.</span> 
     </span>
     <span class='ocr_line' id='line_1_33' title="bbox 146 2325 1474 2378; baseline 0.001 -16"><span class='ocrx_word' id='word_1_282' title='bbox 146 2325 188 2362; x_wconf 89' lang='lat' dir='ltr'>in</span> <span class='ocrx_word' id='word_1_283' title='bbox 213 2326 292 2364; x_wconf 88' lang='lat' dir='ltr'>tab.</span> <span class='ocrx_word' id='word_1_284' title='bbox 321 2327 451 2366; x_wconf 84' lang='lat' dir='ltr'>chron.</span> <span class='ocrx_word' id='word_1_285' title='bbox 489 2332 559 2367; x_wconf 87' lang='lat' dir='ltr'>sat.</span> <span class='ocrx_word' id='word_1_286' title='bbox 587 2330 621 2366; x_wconf 91' lang='lat'>7.</span> <span class='ocrx_word' id='word_1_287' title='bbox 651 2340 751 2366; x_wconf 82' lang='lat' dir='ltr'>anno</span> <span class='ocrx_word' id='word_1_288' title='bbox 780 2329 878 2378; x_wconf 59' lang='lat'>725„</span> <span class='ocrx_word' id='word_1_289' title='bbox 907 2331 978 2366; x_wconf 83' lang='lat' dir='ltr'>sat.</span> <span class='ocrx_word' id='word_1_290' title='bbox 1006 2329 1041 2366; x_wconf 88' lang='lat'>8.</span> <span class='ocrx_word' id='word_1_291' title='bbox 1071 2340 1103 2365; x_wconf 88' lang='lat' dir='ltr'>a.</span> <span class='ocrx_word' id='word_1_292' title='bbox 1134 2328 1217 2364; x_wconf 83' lang='lat'>724.</span> <span class='ocrx_word' id='word_1_293' title='bbox 1248 2327 1474 2376; x_wconf 82' lang='lat' dir='ltr'>assignavit,</span> 
     </span>
     <span class='ocr_line' id='line_1_34' title="bbox 149 2387 1253 2438; baseline 0.002 -14"><span class='ocrx_word' id='word_1_294' title='bbox 149 2387 296 2426; x_wconf 87' lang='lat' dir='ltr'>Grotef.</span> <span class='ocrx_word' id='word_1_295' title='bbox 322 2399 361 2438; x_wconf 92' lang='lat' dir='ltr'>p.</span> <span class='ocrx_word' id='word_1_296' title='bbox 390 2390 472 2427; x_wconf 83' lang='lat'>465.</span> <span class='ocrx_word' id='word_1_297' title='bbox 488 2391 525 2429; x_wconf 90' lang='lat' dir='ltr'>b.</span> <span class='ocrx_word' id='word_1_298' title='bbox 555 2394 593 2428; x_wconf 90' lang='lat' dir='ltr'>et</span> <span class='ocrx_word' id='word_1_299' title='bbox 620 2391 706 2429; x_wconf 87' lang='grc'><strong>466.</strong></span> <span class='ocrx_word' id='word_1_300' title='bbox 734 2402 767 2428; x_wconf 86' lang='lat' dir='ltr'>a.</span> <span class='ocrx_word' id='word_1_301' title='bbox 797 2393 999 2438; x_wconf 76' lang='lat' dir='ltr'>utramque</span> <span class='ocrx_word' id='word_1_302' title='bbox 1028 2402 1062 2429; x_wconf 86' lang='lat' dir='ltr'>a.</span> <span class='ocrx_word' id='word_1_303' title='bbox 1091 2390 1253 2427; x_wconf 76' lang='grc'><strong>724.’-</strong></span> 
     </span>
    </p>
   </div>
  </div>
 </body>
</html>
