1659 2948
610 842 904 914 PARS
992 844 1058 912 1.

217 1000 294 1037 DE
338 999 570 1038 ORDINE
613 1001 689 1039 ET
730 1000 1124 1039 TEMPORIBUS
1166 999 1467 1039 HORATIA-

571 1063 787 1102 NORUM
831 1063 1092 1101 OPERUM.

618 1325 905 1384 CAP.
997 1327 1047 1383 Ι.

211 1448 337 1478 Horatii
362 1448 430 1478 vita
454 1448 496 1479 ad
519 1458 635 1482 annum
658 1459 760 1491 usque
783 1450 847 1482 713
871 1460 902 1481 u.
928 1461 955 1482 c.
980 1449 1160 1491 descripta,
1185 1458 1246 1490 quo
1269 1448 1403 1490 primum
1425 1449 1456 1480 in

680 1507 793 1544 poesin
824 1506 977 1537 incubuit.

170 1612 241 1684 Q.
269 1634 506 1672 Horatius
537 1629 574 1687 ¹)
592 1634 799 1672 Flaccus
818 1635 880 1673 VI.
900 1634 955 1672 ld.
975 1634 1177 1673 Decembr.
1207 1634 1248 1688 ²)
1266 1645 1298 1672 a.
1313 1644 1350 1671 u.
1368 1646 1398 1672 c.
1415 1634 1499 1672 689.

256 1791 295 1833 1)
318 1792 457 1824 Nomina
472 1792 542 1833 ipse
558 1791 675 1833 prodit.
693 1792 818 1827 Quinti:
842 1794 913 1824 Sat.
930 1792 961 1830 2,
986 1793 1017 1824 6.
1042 1792 1095 1825 37.
1121 1792 1266 1824 Horatii:
1282 1792 1334 1824 od.
1351 1792 1382 1831 4,
1399 1792 1430 1825 6.
1448 1791 1502 1824 44.

170 1841 203 1870 et
225 1838 319 1878 epist.
342 1837 375 1877 1,
399 1837 452 1870 14.
478 1840 510 1869 5.
541 1837 667 1868 Flacci:
692 1839 763 1868 Sat.
781 1838 813 1876 2,
836 1838 868 1869 1.
892 1837 947 1869 18.
974 1841 1006 1868 et
1030 1838 1123 1878 epod.
1141 1838 1194 1875 15,
1211 1838 1265 1869 12.
1298 1838 1503 1877 Quantopere

168 1884 201 1914 in
224 1883 352 1913 Horatii
376 1883 502 1913 nomine
527 1882 715 1922 explicando
740 1883 814 1912 olim
837 1882 1012 1913 halucinati
1036 1883 1101 1912 sint
1131 1883 1336 1922 interpretes,
1366 1882 1503 1921 intelligi

168 1927 289 1968 poterit
311 1929 378 1957 tum
402 1935 442 1956 ex
466 1925 550 1956 God.
574 1926 674 1966 Ephr.
698 1926 844 1957 Muelleri
868 1926 948 1956 libro
973 1926 1112 1960 (Histor.
1137 1926 1355 1957 crit.Einleit.
1379 1935 1419 1956 zu
1441 1927 1502 1957 nii-

169 1972 275 2011 thiger
290 1970 466 2002 Kenntniss
490 1970 548 2001 der
571 1971 682 2001 latein.
700 1970 792 2001 Schr.
817 1970 931 2001 Dresd.
948 1970 1067 2010 1747.)
1089 1971 1153 2001 vol.
1170 1971 1227 2001 111.
1251 1981 1282 2011 p.
1301 1970 1502 2007 365—548‚

168 2020 235 2047 tum
261 2025 301 2047 ex
324 2015 584 2046 annotationibus
606 2014 677 2046 VV.
698 2013 767 2046 DD.
791 2015 833 2045 ad
848 2015 993 2045 Suetonii
1017 2015 1117 2046 vitam
1139 2015 1277 2053 Horatii,
1300 2024 1380 2056 quas
1405 2015 1502 2046 colle-

169 2061 218 2101 git
241 2060 386 2092 Richter.
411 2060 638 2100 (Zwickaviae
661 2058 778 2100 1830.)
802 2070 832 2100 p.
850 2060 881 2091 2.
905 2077 950 2081 -
972 2059 1165 2100 Nuperrime
1188 2061 1225 2091 C.
1249 2060 1288 2091 L.
1312 2059 1502 2091 Grotefend.

130 2108 134 2112 '
170 2106 203 2135 in
229 2104 422 2146 ephemerid.
445 2104 568 2135 literar.
592 2104 731 2135 Darmst.
756 2113 831 2135 ann.
854 2103 954 2136 1834.
979 2114 1010 2145 p.
1035 2103 1099 2136 182
1130 2105 1251 2146 aliquot
1281 2104 1501 2146 inscriptioni-

170 2151 230 2181 bus
261 2150 359 2181 fultus
389 2150 560 2190 probatum
591 2149 669 2187 ivit,
711 2149 796 2190 quod
821 2150 889 2189 Jam
920 2148 961 2179 G.
985 2149 1021 2179 F.
1047 2149 1237 2181 Grotefend.
1267 2150 1301 2180 in
1323 2149 1438 2180 Ersch.
1470 2151 1503 2179 et

170 2194 309 2226 Gruber.
341 2194 463 2235 encycl.
488 2194 508 2224 l.
532 2194 552 2224 l.
576 2203 608 2235 p.
632 2193 709 2226 457.
733 2195 765 2225 b.
795 2194 940 2225 breviter
970 2193 1186 2234 significarat,
1224 2195 1351 2225 Horatii
1380 2196 1503 2236 patrem

173 2239 336 2270 Venusiae
360 2239 505 2270 coloniae
528 2239 675 2269 libertum
699 2238 818 2277 fuisse,
859 2241 892 2269 et
924 2248 994 2270 cum
1017 2238 1160 2270 Venusia
1189 2239 1232 2270 ad
1255 2239 1373 2271 tribum
1395 2239 1502 2270 Hora-

169 2285 247 2316 tiam
270 2284 473 2325 pertinuerit,
495 2283 570 2315 inde
593 2293 707 2315 nomen
731 2284 908 2324 accepisse.

259 2351 298 2392 2)
320 2351 361 2382 L.
386 2351 484 2382 Cotta
515 2354 548 2382 et
570 2350 609 2382 L.
634 2350 752 2382 Manlio
785 2350 949 2391 Torquato
982 2361 1062 2389 css.‚
1096 2353 1181 2383 teste
1211 2352 1345 2383 Sueton.
1377 2351 1435 2383 vit.
1458 2368 1502 2374 —

174 2396 295 2427 Annum
326 2399 359 2427 et
389 2405 530 2427 mensem
559 2398 658 2437 poeta
687 2398 779 2427 notat
810 2395 862 2426 od.
887 2397 925 2433 3,
950 2395 1003 2428 21.
1027 2396 1059 2428 1.
1092 2396 1186 2437 epod.
1210 2397 1264 2435 13,
1289 2398 1320 2429 6.
1353 2397 1446 2437 epist.
1469 2396 1500 2432 1,

174 2441 227 2472 20.
250 2441 310 2479 27;
334 2441 418 2472 diem
441 2442 575 2472 Sueton.
599 2443 734 2471 tantum.
780 2441 884 2472 Recte
906 2439 1095 2473 Vincentius
1118 2441 1355 2473 Bellovacensis
1384 2440 1502 2482 specul.

174 2484 284 2516 histor.
307 2484 376 2525 (ed.
393 2485 509 2526 1473.)
533 2486 588 2517 lib.
612 2485 683 2523 VII,
708 2485 762 2517 67.
809 2485 920 2524 „Anno
942 2485 1069 2527 imperii
1091 2486 1227 2526 Augusti
1250 2484 1388 2529 XXXV,
1412 2485 1501 2524 regni

175 2538 252 2560 vero
273 2530 412 2562 Herodis
435 2529 530 2561 XXV
554 2531 672 2570 (immo
696 2530 834 2571 XXIX)
871 2530 1003 2561 Oratius
1026 2531 1103 2562 1V11
1124 2531 1204 2571 (leg.
1228 2530 1353 2569 LVII.)
1382 2529 1501 2560 aetatis

176 2582 255 2603 suae
275 2574 400 2606 Romae
431 2575 597 2606 moritur.''
649 2575 799 2606 luendum
823 2575 907 2616 quod
932 2578 982 2606 est
1004 2574 1036 2606 in
1060 2576 1219 2607 Chronico
1242 2573 1427 2614 Hieronymi
1458 2573 1500 2604 ad

177 2617 302 2659 Olymp.
333 2619 465 2651 CXCII.
496 2628 569 2651 ann.
595 2620 625 2653 3.
650 2619 854 2661 (MMVII.):
893 2619 1070 2660 „Horatius
1094 2617 1352 2662 quinquagesimo
1382 2618 1500 2650 aetatis
