1643 2959
632 215 919 257 —133—

113 323 296 380 spinellis
318 325 467 363 inertia
492 335 560 362 eur
586 321 733 362 tantam
751 325 948 362 diffuderit
974 324 1062 361 imls
1081 324 1324 362 Oblivionem
1351 336 1436 360 sen-

113 382 275 439 sibus⁷')
302 388 401 422 etv.
430 386 465 422 6.
503 381 690 438 („Deus,
728 386 823 423 deus
857 397 946 423 nam
980 397 1041 422 me
1069 385 1253 435 vetat.”).
1308 386 1436 429 Quare

112 446 292 495 equidem
319 447 417 484 hanc
444 447 616 493 eclogam
640 458 711 495 per
737 458 824 484 ann.
845 448 929 484 721.
957 449 997 484 et
1013 447 1098 483 722.
1128 449 1324 483 exaratam
1351 457 1437 482 esse

111 519 275 558 censeo,
303 507 533 555 praesertim
567 518 654 545 cum
683 507 765 552 jam
800 509 894 544 satis
929 510 1012 545 arta
1046 508 1147 544 inter
1171 508 1438 544 Maecenatem

112 570 151 605 et
176 569 380 606 Horatium
406 569 644 605 familiaritas
670 569 955 619 intercesserit,
984 572 1024 605 ct
1049 578 1204 606 carmen
1230 570 1322 606 olim
1348 579 1436 615 pro-

111 629 272 666 missum
297 632 532 666 memoretur
557 641 592 666 v.
622 630 656 666 7.
682 651 734 657 -
787 631 915 677 Atque
950 630 1040 666 huic
1066 630 1231 677 tempori
1257 629 1437 667 conveni-

110 692 201 741 unt,
231 701 330 739 quae
356 691 398 726 in
424 691 533 727 exitu
560 690 742 727 carminis
769 691 970 737 leguntur:

312 751 453 789 Ureris
475 753 562 796 ipse
586 754 707 787 miser
711 762 730 797 ;
756 754 899 799 quodsi
923 762 1004 789 non
1029 751 1240 799 pulchrior
1267 752 1372 799 iynis

373 811 567 848 Accendit
592 812 796 848 obsessam
822 813 950 860 Ilion,

309 871 457 909 Gaude
481 877 587 908 sorte
611 877 695 909 tua.
729 892 780 899 —-

108 933 155 970 In
192 932 254 969 his
298 932 402 969 enim
447 932 671 969 Terentiam
708 931 1001 978 intelligendam
1044 943 1153 982 esse,
1198 932 1436 969 Maecenatis

111 1004 293 1042 sponsam
334 993 398 1030 vel
440 1004 625 1042 uxorem,
669 996 936 1030 contestantur
970 994 1108 1030 Scholl.
1145 993 1279 1031 Acron
1315 993 1365 1029 ad
1399 1004 1434 1029 v.

106 1056 335 1103 pulchrior:
363 1054 495 1105 „qoud
522 1054 738 1100 gratificans
766 1054 859 1090 dicit
884 1055 1114 1104 Terentiae,
1150 1065 1265 1102 quam
1292 1054 1436 1090 amavit

109 1116 356 1153 Maecenas.''
406 1116 553 1163 Porph.
592 1115 651 1151 ad.
680 1127 715 1152 v.
753 1118 917 1153 ureris:
954 1116 1201 1165 „Maecenati
1228 1116 1301 1152 hoc
1328 1115 1435 1164 dicit,

110 1177 201 1226 quia
228 1179 268 1213 et
292 1177 377 1224 ipse
404 1176 629 1213 Terentiam
656 1175 806 1225 dilexit,
836 1177 943 1222 cujus
972 1179 1010 1212 et
1037 1188 1154 1224 supra
1181 1176 1236 1212 sic
1262 1175 1436 1212 meminit

109 1231 242 1287 (epod.
270 1238 307 1287 3,
335 1235 440 1288 21.):
466 1238 641 1274 Manum
670 1239 809 1284 puella
833 1240 948 1275 savio
975 1237 1099 1274 caet.''
1149 1238 1294 1284 Porph.
1322 1236 1372 1272 ad
1397 1247 1432 1271 v.

105 1300 334 1347 pulchrior:
369 1298 439 1348 „in
466 1298 652 1335 honorem
678 1298 916 1335 Maecenatis
953 1299 1188 1350 gratificatur
1214 1297 1433 1346 Terentiae,

108 1360 281 1397 Helenae
317 1371 402 1396 eam
437 1359 703 1407 comparans?7
736 1380 787 1387 —
829 1359 952 1396 Schol.
995 1360 1134 1408 (ἔνηφε
1179 1360 1240 1409 „si
1273 1359 1434 1406 Helena,

110 1431 209 1468 quae
237 1421 309 1456 fuit
335 1431 472 1457 caussa
498 1421 669 1456 incendii
704 1423 743 1456 et
779 1421 1041 1457 subversionis
1069 1421 1228 1470 Trojae,
1259 1431 1337 1456 non
1363 1419 1436 1455 fuit

110 1481 321 1530 speciosior
348 1492 462 1529 quam
479 1482 674 1530 Terentia,
703 1491 817 1528 quam
836 1482 1010 1531 deperis,
1038 1482 1103 1518 illa
1128 1485 1236 1518 utere
1255 1483 1293 1517 et
1312 1479 1435 1526 gaude

110 1544 189 1579 fato
216 1544 283 1579 tuo
294 1570 310 1592 ,.
333 1553 409 1589 quo
435 1544 572 1578 nactus
600 1554 642 1578 es
669 1543 837 1589 puellam
864 1544 943 1578 tam
969 1543 1208 1590 pulchran1.’‘⁷
1234 1565 1284 1570 —-
1326 1542 1434 1584 Quae

110 1603 144 1640 si
177 1614 270 1640 vera
304 1605 363 1639 est
396 1603 532 1639 Scholl.
568 1603 738 1639 narratio
765 1624 815 1631 —-
850 1604 1048 1640 verissima
1075 1607 1204 1639 autem
1231 1605 1310 1652 est3
1346 1612 1434 1637 nam

109 1664 249 1701 verba:
283 1666 420 1712 quade
455 1669 562 1701 sorte
595 1669 669 1701 tua
704 1664 751 1700 de
786 1664 959 1710 legitima
993 1667 1143 1701 tantum
1170 1675 1290 1700 uxore
1319 1673 1433 1711 spon-

111 1736 201 1761 save
236 1724 401 1770 intelligi
433 1727 596 1772 possunt
621 1747 673 1752 —
698 1725 765 1761 vix
800 1725 953 1761 dubites
989 1726 1082 1774 quin
1116 1726 1299 1762 Horatius
1326 1724 1434 1760 blan-

110 1786 198 1822 dam
236 1785 442 1823 Terentiae
481 1786 718 1822 mentionem
758 1789 840 1822 tum
878 1787 1035 1836 fecerit,
1078 1798 1164 1823 cum
1203 1786 1265 1821 vel
1292 1794 1435 1832 sponsa

111 1849 216 1883 esset
250 1847 489 1896 Maecenati,
525 1848 588 1883 vel
622 1859 764 1884 recens
796 1849 928 1894 nupta.
989 1847 1109 1894 Atqui
1136 1858 1206 1895 per
1232 1857 1320 1882 ann.
1348 1845 1432 1881 721.

111 1910 150 1944 et
185 1907 269 1944 722.
338 1908 544 1944 Maecenas
585 1919 671 1944 eam
712 1909 754 1944 in
796 1908 1084 1944 matrimonium
1128 1907 1237 1943 duxit
1272 1902 1348 1959 (cf.
1385 1905 1433 1942 ad

111 1968 223 2016 epod.
252 1964 323 2020 3.).
377 1969 479 2014 Ergo
514 1968 714 2016 probabile
741 1969 783 2004 fit
808 1968 1011 2004 Horatium
1038 1970 1140 2017 tum,
1169 1979 1255 2003 cum
1280 1967 1433 2003 Maece-

109 2040 180 2065 nas
208 2029 360 2065 ardenti
386 2029 518 2065 uxoris
537 2029 845 2065 adolescentulae
863 2029 1124 2077 honestaeque
1142 2040 1270 2065 amore
1298 2029 1432 2075 captus

110 2092 236 2139 esset,
263 2090 429 2126 necdum
455 2090 646 2138 zelotypia
672 2092 943 2139 maceraretur,
971 2090 1157 2126 cecinisse
1176 2090 1248 2126 hoc
1266 2099 1432 2137 carmen,

110 2162 187 2198 quo
214 2151 420 2188 Terentiae
456 2154 496 2188 et
521 2152 760 2188 Maecenatis
788 2151 945 2187 auribus
972 2151 1222 2188 blandiretur.
1275 2148 1430 2186 Kirchn.

111 2213 258 2260 quaest.
287 2223 323 2259 p.
352 2212 412 2248 27.
442 2210 478 2263 ἓ.
507 2213 683 2248 52-53,
713 2213 880 2260 epodum
907 2224 940 2249 a.
962 2213 1045 2248 721.
1075 2214 1217 2248 factum
1243 2222 1328 2247 esse
1356 2211 1432 2246 sta-

110 2272 206 2322 tuit3
233 2273 381 2309 Weich.
417 2285 454 2321 p.
491 2274 558 2310 rel.
587 2285 624 2321 p.
661 2274 745 2311 461.
782 2286 817 2310 a.
846 2274 954 2322 720.;
992 2274 1135 2310 Grotef.
1163 2284 1201 2320 p.
1230 2272 1313 2308 466.
1343 2281 1429 2307 ann.

114 2333 196 2370 725.
225 2329 308 2386 (ob.
337 2345 372 2370 v.
389 2330 469 2385 S.),
497 2334 684 2382 probante
710 2334 881 2371 Obbario
907 2334 949 2369 in
975 2334 1084 2370 Seeb.
1112 2334 1224 2370 Jahn.
1253 2335 1292 2369 et
1308 2332 1428 2369 Klotz.

112 2395 234 2432 annal.
247 2395 354 2433 1836.
365 2395 438 2431 vol.
452 2395 510 2431 16.
528 2405 615 2442 pag.
636 2396 720 2444 49&
737 2395 894 2431 Passov.
913 2396 992 2431 not.
1013 2394 1072 2430 28.
1094 2394 1197 2431 183.;
1228 2392 1427 2430 719-21.

210 2526 452 2565 EPODUM
477 2527 578 2564 XV·
622 2529 749 2578 „Now
774 2529 889 2565 eratf’
922 2527 1121 2564 Kirchner.
1148 2527 1189 2564 in
1215 2526 1360 2573 quaest.
1389 2534 1426 2570 p.

49 2585 55 2597 ¹
113 2588 173 2625 28.
201 2585 238 2638 ξ.
265 2588 325 2626 53.
351 2591 454 2627 recte
481 2591 525 2626 ut
559 2589 714 2626 videtur
747 2588 786 2625 in
822 2600 908 2626 ann.
947 2589 1032 2625 721.
1069 2586 1279 2625 constituit.
1332 2584 1429 2622 Nam
