1659 2948
711 213 986 255 *14-

189 323 328 360 milites
363 322 402 359 in
430 322 613 360 cassiana
648 324 794 370 eastra,
830 321 932 369 quod
958 320 1038 356 suis
1064 323 1339 368 opportuniora
1366 325 1509 372 essent,

188 384 376 430 migravit.
428 384 530 420 Dein
555 385 669 419 noctu
686 384 836 418 tantum
856 380 1024 417 hostium
1045 383 1170 417 castra
1188 383 1344 420 adortus
1366 386 1406 419 et
1425 395 1509 420 eum

188 455 325 491 magno
352 456 483 481 eorum
509 443 736 479 detrimento
762 451 832 488 per
865 439 1003 486 viginti
1037 441 1117 476 fere
1154 440 1237 477 dies
1263 443 1405 481 ducens
1430 445 1510 481 bel-

187 507 287 555 lum,
323 506 479 543 tandem
504 503 689 540 militibus
722 512 868 538 moram
894 501 1197 538 detrectantibus
1231 505 1271 539 et
1297 505 1402 552 quod
1425 516 1511 542 suo-

187 579 272 603 rum
299 566 573 612 desectionem,
618 574 732 611 quam
765 562 938 599 nonnulli
969 563 1052 607 ¹jam
1087 563 1287 612 iniissent,
1331 564 1513 612 majorem

187 628 388 673 metueret,
415 625 556 660 iterum
580 635 666 660 cum
691 623 867 660 hostibus
895 624 1078 660 conflixit.
1131 623 1264 661 Victus
1282 627 1412 662 autem
1431 626 1513 662 acie

186 690 414 733 fugatusque
439 687 552 722 nocte
581 696 622 721 se
648 685 690 721 in
715 685 902 721 tumulum
928 685 1075 733 recepit
1100 687 1140 720 et
1165 684 1281 721 rebus
1300 685 1515 733 desperatis

185 749 226 784 in
252 746 441 784 Stratonis
467 746 684 795 Aegeatae,
713 746 911 783 familiaris
938 746 1020 795 sui,
1056 745 1225 792 gladium
1250 746 1423 783 incubuit
1448 757 1515 782 ex-

187 808 425 856 spiravitque
459 806 636 854 protinus
666 803 739 859 Η).
803 807 920 854 Cujus
956 807 1173 855 exemplum
1219 818 1305 844 cum
1340 807 1514 855 primarii

186 869 259 905 viri
294 868 415 905 secuti
450 870 581 904 essent
605 868 780 916 plerique
803 864 885 920 ⁴²),
921 868 1091 904 Messala
1117 871 1266 918 autem,
1306 879 1421 917 quem
1446 879 1514 916 po-

184 931 390 979 poscerant
424 929 581 977 quidam
616 928 775 977 ducein,
811 928 1037 977 „proximus
1070 929 1111 965 in
1136 929 1212 966 illis
1245 930 1380 966 eastris
1405 929 1515 965 Bruti

185 991 387 1038 Cassiique
415 990 647 1039 auctoritati,
675 989 820 1025 servari
846 989 1031 1025 beneficio
1060 990 1235 1026 Caesaris
1253 990 1383 1026 mallet
1401 1001 1516 1038 quam

184 1052 340 1088 dubiam
365 1062 474 1098 spem
499 1061 691 1087 armorum
723 1051 911 1098 temptare
936 1050 1124 1098 amplius'*
1155 1052 1345 1087 referente
1370 1049 1516 1096 Velleio

184 1114 265 1150 Pat.
291 1112 357 1149 lib.
385 1112 422 1161 2,
449 1112 530 1148 71.:
558 1112 624 1159 qui
652 1111 816 1158 sospites
844 1122 893 1148 ex
908 1121 1038 1158 pugna
1063 1114 1286 1161 evaserant,
1313 1111 1343 1148 ii
1367 1113 1434 1148 aut
1461 1111 1515 1147 vi-

184 1173 356 1211 ctoribus
382 1173 483 1209 ultro
510 1184 552 1209 se
579 1172 768 1209 dederunt
789 1168 863 1225 4³³),
891 1175 958 1208 aut
982 1173 1023 1208 in
1049 1174 1139 1218 fuga
1165 1173 1328 1209 salutem
1363 1172 1514 1221 quaesi-

184 1236 334 1283 verunt,
361 1234 501 1281 partim
519 1233 570 1270 ad
588 1234 674 1270 Sex.
694 1233 918 1281 Pompejum
938 1229 1012 1286 ⁴⁴),
1039 1233 1178 1281 partim
1197 1233 1246 1270 ad
1264 1245 1353 1270 suos
1372 1233 1515 1270 abeun-

183 1300 256 1334 tes.
308 1296 414 1339 Quos
442 1296 475 1333 si
500 1294 621 1331 veluti
645 1296 748 1331 rates
774 1296 917 1331 fractae
943 1294 1052 1331 navis
1081 1294 1264 1340 disjectas
1291 1297 1331 1331 et
1346 1294 1515 1342 procella

184 1359 259 1394 huc
284 1357 374 1394 illue
399 1357 562 1403 agitatas
589 1355 717 1392 animo
744 1357 782 1391 et
809 1355 1039 1401 cogitatione
1064 1356 1357 1404 prosequimur,
1384 1365 1516 1391 eorum

183 1420 225 1455 in
250 1429 409 1454 numero
427 1417 629 1454 Horatium
655 1427 807 1465 quoque
833 1418 1008 1453 fortunae
1034 1416 1257 1452 fulminibus
1282 1417 1516 1463 prostratum

184 1481 225 1515 et
248 1481 432 1526 tanquam
458 1479 619 1515 alterum
643 1478 792 1514 Icarum
828 1478 862 1513 si
898 1488 976 1513 non
1011 1487 1060 1512 ex
1093 1476 1171 1512 alto
1197 1476 1352 1512 aethere
1387 1477 1515 1511 tamen

185 1551 235 1576 ex
258 1539 467 1575 honorifica
490 1537 707 1575 tribunatus
735 1537 920 1582 dignitate
946 1538 987 1573 in
1011 1536 1179 1572 infimam
1213 1537 1424 1582 egestatem
1449 1535 1514 1572 de-

179 1600 327 1645 Jectum
360 1609 439 1634 non
474 1598 557 1634 sine
593 1597 724 1633 dolore
757 1597 943 1634 videmus.
1001 1597 1039 1633 Is
1067 1596 1169 1632 enim
1194 1606 1345 1643 pugnae
1370 1596 1514 1644 Philip-

184 1660 317 1708 pensis
353 1669 433 1695 non
457 1657 585 1694 varios
611 1660 761 1694 tantum
787 1660 948 1694 eventus
976 1660 1015 1693 et
1040 1656 1326 1693 vicissitudines
1362 1657 1431 1692 sed
1455 1657 1513 1705 ip-

187 1732 268 1757 sam
294 1721 411 1757 etiam
436 1721 603 1764 stragem
629 1720 813 1767 expertus
841 1719 880 1754 et
905 1718 985 1754 suis
1003 1718 1122 1754 oculis
1140 1718 1308 1768 intuens,
1335 1720 1514 1755 strenuus

186 1781 374 1818 libertatis
400 1782 674 1830 propugnator,
700 1782 783 1815 tum
809 1779 963 1815 demum

453 1842 549 1878 Cum
566 1842 687 1877 fracta
711 1840 834 1876 virtus
861 1842 901 1876 et
926 1840 1096 1876 minaces

499 1903 627 1949 Turpe
655 1902 776 1938 solum
802 1902 964 1947 tetigere
989 1903 1119 1937 mento

188 1974 237 2000 ex
278 1962 425 2011 proelio
469 1964 651 2009 profugus
706 1961 819 1998 morti
862 1962 1101 1998 voluntariae
1151 1960 1371 2008 anteposuit
1413 1961 1512 1996 salu-

187 2027 286 2072 tem,
322 2023 495 2072 quamvis
523 2023 639 2058 dubia
664 2023 832 2058 hostium
858 2023 980 2068 gratia
1006 2025 1044 2058 et
1068 2022 1203 2070 venia,
1240 2023 1355 2068 atque
1388 2022 1512 2057 famae

187 2094 310 2131 paene
350 2082 552 2131 dispendio
596 2085 763 2130 emptam
790 2079 863 2134 ⁴⁵).
937 2082 1090 2119 Etenim
1124 2093 1210 2119 cum
1251 2080 1364 2117 victis
1406 2081 1511 2128 fuga-

275 2236 336 2276 41)
358 2235 417 2266 Dio
434 2234 487 2272 47,
505 2234 558 2266 49.
582 2233 661 2274 App.
678 2234 708 2264 b.
727 2244 754 2264 c.
772 2233 802 2270 4,
822 2233 896 2265 131.
921 2232 1005 2263 Plut.
1024 2232 1113 2263 Brut.
1131 2233 1183 2264 52.
1202 2233 1254 2264 53.
1279 2231 1391 2271 Venej.
1409 2233 1439 2269 2,
1457 2232 1510 2263 70.

275 2301 336 2341 42)
360 2301 419 2332 Dio
443 2301 497 2338 47,
522 2299 576 2331 fin.
601 2300 679 2341 App.
704 2299 735 2337 4,
758 2299 834 2332 135.

279 2368 339 2407 43)
362 2368 442 2407 App.
466 2368 498 2404 4,
522 2367 586 2399 135
610 2378 657 2407 sq.

276 2435 336 2475 44)
359 2434 402 2464 Ut
431 2433 597 2464 Ciceronis
620 2432 720 2469 filius,
753 2435 884 2464 Cassius
916 2433 1108 2466 Parmensis.
1139 2433 1202 2462 alii.
1250 2433 1289 2463 cs.
1326 2433 1452 2473 -ippiam
1478 2433 1506 2462 b.

191 2481 251 2510 civ.
276 2480 306 2517 4,
330 2479 382 2510 51.
415 2481 451 2513 5,
477 2479 496 2509 2
522 2480 553 2509 et
578 2478 652 2509 139.
698 2477 810 2518 Vellej.
836 2480 865 2515 2,
891 2478 943 2510 72.
990 2478 1128 2508 Masson.
1155 2478 1210 2507 xit.
1236 2487 1264 2517 p.
1289 2478 1341 2509 56.
1388 2477 1506 2507 Wcich.

191 2525 229 2554 de
253 2524 327 2554 Yar.
353 2527 384 2554 et
407 2523 498 2553 Cass.
523 2533 552 2562 p.
577 2523 651 2554 331.

279 2584 338 2621 45,
362 2584 396 2614 ln
421 2587 564 2625 promptu
596 2587 669 2615 sunt
701 2584 843 2616 omnibus
879 2587 978 2615 testes
1001 2583 1131 2615 militiae
1154 2583 1259 2615 Flacci
1284 2583 1342 2613 loci
1368 2583 1415 2615 hi:
1455 2582 1506 2613 od.
