1659 2948
746 221 1022 263 -30—

320 331 377 367 Ac
403 330 567 378 primum
592 328 767 378 quidem,
804 330 838 365 si
865 339 1037 365 seorsum
1054 331 1256 378 utrumque
1281 331 1421 369 librum
1438 332 1542 369 evul-

223 394 352 439 gatum
378 403 463 428 esse
490 393 558 428 aut
591 390 774 426 sumimus
809 391 875 425 aut
910 389 1172 436 probabilibus
1200 392 1413 430 rationibus
1440 393 1545 430 ducti

221 464 293 501 pro
328 455 432 490 certo
473 451 671 500 ponimus,
714 450 755 485 id
795 460 1037 497 nequaquam
1078 451 1253 497 veterum
1293 454 1390 489 mori
1431 465 1545 502 repu-

222 524 339 560 gnare
356 513 472 550 velim
497 510 792 559 animadvertas,
820 511 1011 558 siquidem
1035 521 1120 547 non
1147 511 1269 547 solum
1293 513 1443 558 Virgilii
1470 516 1545 551 Ge·

221 575 370 622 orgica,
398 567 662 622 Propertii10)
690 573 728 607 et
753 568 969 625 Tibulliss)
1003 572 1121 608 libros
1147 572 1291 619 primos
1327 573 1546 619 singulatim

220 635 410 683 prodiisse
439 634 543 669 certo
570 633 730 682 scimus,
760 633 828 668 sed
853 633 974 681 ipsius
994 633 1110 669 etiam
1122 633 1272 669 Horatii
1298 633 1546 683 epistolarum

219 696 360 732 librum
385 694 416 730 Ι.
445 695 484 729 et
509 694 720 730 carminum
744 694 810 731 IV.
859 695 979 742 quue
1005 695 1063 730 rei
1075 696 1237 730 naturae
1253 704 1367 741 quam
1379 695 1544 731 maxime

219 757 519 792 consentaneum
546 757 605 791 est
631 755 672 791 in
697 756 745 791 iis
771 755 932 805 libellis,
960 756 1001 791 in
1027 755 1167 803 quibus
1193 765 1272 790 non
1297 765 1416 790 unum
1433 765 1546 801 argu-

218 818 390 852 mentum
423 816 604 852 continua
638 817 924 864 compositionis
961 817 1059 853 serie
1095 818 1300 865 tractatur,
1336 816 1406 852 sed
1437 816 1547 852 varia

217 880 397 926 poemata
422 877 686 927 continentur,
723 878 850 924 qualia
883 880 998 925 prout
1007 877 1175 925 ’placuit
1202 879 1269 912 aut
1293 877 1405 924 plura
1429 878 1546 924 poeta

218 939 386 975 scribere
413 940 567 986 poterat
592 941 657 974 aut
683 949 772 974 non.

319 999 472 1036 Deinde
507 999 676 1034 rationes
704 998 929 1047 perpende,
966 1009 1064 1045 quae
1098 1008 1331 1046 magnopere
1367 998 1544 1047 suadent,

217 1062 261 1096 ut
285 1060 389 1096 idem
413 1061 455 1095 in
481 1061 706 1096 Sermonum
731 1059 839 1096 libris
866 1061 1010 1095 factum
1036 1070 1120 1094 esse
1149 1059 1370 1108 credamuS‚
1407 1059 1543 1095 hasce:

318 1120 352 1156 1.
390 1121 533 1157 Omnes
560 1121 719 1157 secundi
744 1120 948 1156 voluminis
977 1121 1178 1157 Sermones
1205 1120 1422 1167 posteriore
1447 1122 1544 1156 tem-

216 1192 310 1229 pore
351 1182 485 1228 scripti
526 1183 636 1230 sunt,
677 1192 792 1229 quam
826 1181 892 1228 qui
930 1181 971 1217 in
1009 1181 1133 1229 primo
1172 1181 1362 1227 leguntur.
1430 1180 1544 1223 Quod

217 1242 369 1279 etiamsi
394 1252 472 1278 non
498 1242 622 1278 ubivis
650 1243 774 1289 possit
800 1242 1000 1278 evidenter
1027 1242 1302 1291 demonstrari,
1337 1241 1378 1277 id
1405 1242 1543 1279 saltem

215 1315 286 1352 pro
314 1304 418 1340 certo
445 1303 714 1351 affirmaveris,
743 1303 890 1339 nullum
917 1314 1001 1339 esse
1027 1303 1233 1352 indicium,
1263 1302 1365 1351 quod
1391 1304 1543 1340 contra-

214 1365 316 1401 rium
342 1364 492 1413 probet,
521 1367 560 1399 et
586 1375 606 1399 e
635 1364 786 1399 diversa
804 1365 1028 1400 Sermonum
1054 1367 1192 1400 natura
1219 1367 1258 1400 et
1283 1364 1411 1400 indole
1439 1363 1544 1399 haud

217 1425 332 1461 dubie
360 1426 535 1461 diversae
562 1427 700 1472 poetae
728 1426 847 1461 aetati
873 1425 1078 1461 tribuenda
1103 1425 1143 1462 id
1176 1426 1304 1471 ipsum
1331 1423 1434 1470 quod
1461 1423 1543 1459 dixi

214 1486 414 1533 probabile
454 1486 556 1534 fieri,
596 1497 644 1521 ne
686 1485 811 1521 dicam
845 1486 979 1521 evinci.
1041 1486 1129 1521 Non
1164 1485 1265 1521 enim
1297 1485 1327 1520 ii
1361 1483 1542 1520 audiendi

216 1549 325 1595 sunt,
362 1546 428 1593 qui
462 1546 560 1581 hanc
594 1546 747 1582 illamve
779 1546 870 1581 libri
902 1546 950 1582 Π.
987 1546 1144 1581 satiram
1177 1545 1227 1580 ad
1260 1544 1363 1580 idem
1388 1547 1540 1591 tempus

214 1608 431 1655 pertinere,
473 1616 547 1652 quo
582 1606 727 1652 primus
768 1607 963 1641 confectus
1006 1606 1141 1654 suerit,
1183 1606 1273 1642 solis
1311 1605 1539 1651 conjecturis

214 1668 419 1716 probatum
434 1667 600 1715 iverunt,
630 1666 777 1702 scilicet
802 1668 845 1701 ut
870 1669 1115 1714 praeceptam
1133 1678 1241 1702 suam
1262 1666 1538 1716 opinationem,

212 1729 333 1765 libros
361 1728 592 1774 conjunctim
619 1727 778 1762 emissos
807 1738 905 1776 esse,
933 1728 1058 1774 aliqua
1085 1730 1186 1763 certe
1206 1728 1382 1763 veritatis
1409 1727 1539 1774 specie

214 1789 402 1825 fulcirent.
456 1789 515 1824 Ita
548 1788 746 1824 Kircliner.
788 1790 935 1834 quaest.
976 1799 1012 1835 p.
1054 1788 1113 1824 60.
1151 1786 1282 1837 §.18.
1325 1788 1537 1835 speciosius

215 1861 329 1897 quam
361 1849 506 1885 rectius
541 1848 704 1884 Ofellum
739 1859 839 1884 anno
866 1860 903 1884 u.
932 1860 962 1883 c.
992 1849 1075 1884 717.
1106 1848 1321 1895 adscripsit.
1374 1849 1425 1885 Et
1452 1859 1538 1885 cum

214 1913 390 1958 quartam
427 1910 512 1946 libr.
541 1909 570 1945 Ι.
608 1909 763 1945 satiram
797 1908 847 1944 ad
884 1909 1051 1945 hiemem
1085 1910 1175 1944 anni
1202 1909 1309 1958 722„
1351 1909 1539 1946 decimam

213 1974 374 2019 propter
413 1970 537 2007 Cassii
578 1970 730 2005 Etrusci
765 1972 927 2006 mortem
963 1966 1018 2020 (v.
1054 1968 1135 2019 62.)
1171 1969 1221 2006 ad
1261 1970 1407 2006 exitum
1445 1970 1536 2005 anni

215 2033 299 2068 723.
328 2043 448 2079 prava
474 2031 757 2077 computatione
791 2031 1008 2079 retulisset,
1050 2031 1233 2077 indeque
1256 2031 1535 2079 „Damasip-

213 2092 380 2142 pum“,
422 2103 535 2140 quem
561 2092 696 2139 primis
730 2092 819 2126 anni
847 2091 930 2126 722.
959 2091 1154 2126 mensibus
1190 2091 1283 2126 satis
1309 2092 1412 2126 recte
1439 2091 1535 2127 assi-

214 2154 357 2202 gnavit,
385 2154 459 2189 illis
488 2152 627 2197 eclogis
654 2154 825 2199 tempore
853 2151 1167 2199 praeponendum
1184 2162 1268 2186 esse
1288 2151 1532 2188 deduxisset:

212 2226 292 2252 non
317 2216 400 2250 erat
427 2224 518 2250 sane
546 2213 648 2260 quod
674 2212 861 2258 ejusmodi
888 2212 1168 2259 suspicionibus
1186 2204 1299 2247 nixus
1318 2212 1533 2259 promiscue

213 2276 414 2323 utriusque
451 2275 614 2320 sylloges
651 2284 844 2310 sermones
881 2275 1058 2309 exaratos
1094 2283 1178 2308 esse
1205 2275 1358 2320 putaret
1393 2273 1530 2322 evinci,

215 2337 308 2385 quin
347 2336 463 2371 etiam
504 2346 580 2371 uno
624 2334 834 2382 eodemque
878 2336 1049 2381 tempore
1087 2333 1205 2369 libros
1248 2334 1422 2380 vulgatos
1460 2344 1531 2381 pro

214 2399 318 2434 certo
343 2398 514 2445 poneret.
570 2396 741 2433 Certiora
767 2396 807 2431 in
831 2406 873 2432 re
901 2396 1070 2432 sublesta
1088 2397 1311 2441 argumenta
1327 2394 1530 2443 flagitabit,

302 2538 362 2578 10)
385 2537 532 2577 Propert.
555 2534 604 2565 ed.
627 2533 756 2564 Lachm.
780 2533 882 2573 praef.
905 2543 935 2574 p.
960 2533 1093 2565 XXVII.

302 2592 362 2631 11)
384 2592 514 2624 Lachm.
538 2589 579 2620 ad
602 2589 717 2620 Tibull.
740 2598 770 2628 p.
793 2588 847 2621 44.
873 2592 906 2620 et
927 2589 1041 2620 Dissen
1065 2588 1116 2620 ed.
1140 2588 1212 2620 Tib.
1237 2599 1267 2629 p.
1292 2590 1344 2621 20.
