1643 2959
634 224 913 267 —156—

105 335 163 373 cis
186 335 495 375 Sauromatae.”
544 333 621 371 Dio
650 334 756 370 Cass.
785 333 848 383 51,
874 333 935 370 22.
963 335 1091 371 Dacos
1127 325 1340 382 scythicam
1363 347 1433 374 na-

105 398 251 434 tionem
286 398 400 434 dicit:
442 394 536 445 „naz
579 392 733 445 ἀθρόοι
765 392 864 445 πρὸς
898 393 1094 442 ἀλλήλους
1126 395 1259 434 Δακοί
1293 410 1335 435 τε
1367 399 1434 435 καὶ

103 456 278 508 Σουῆβοι
309 454 551 507 ἐμαχέσαντο
578 483 588 494 .
617 453 693 493 εἲσῑ
727 452 765 493 δ’
792 450 902 494 οὗτοι
934 454 1007 504 μὲν
1033 455 1199 502 Κελτοὶ,
1225 453 1365 495 ἐκεῖνοι
1389 455 1434 496 δὲ

103 515 150 566 δὴ
183 517 344 556 Σκύθαι
375 516 526 567 τρόπον
559 518 646 555 τινά
673 544 683 554 .
709 517 776 554 καῖ
808 514 847 554 οἳ
879 515 952 567 μὲν
977 518 1102 571 πέραν
1125 515 1200 555 τοῦ
1218 516 1359 565 “Ρήνου
1382 540 1435 548 —

102 578 142 617 οἳ
168 577 204 617 <5³
229 575 292 616 ἐπ’
319 577 531 630 ἀμφότερα
555 578 627 616 τοῦ
643 576 798 629 Ἴστρου
822 580 1005 627 νέμονται
1023 606 1033 617 .
1051 600 1102 607 -
1126 576 1165 616 οἳ
1191 575 1236 617 δὲ
1260 575 1436 617 ἐπέκεινα

100 640 230 677 Δακοῑ
254 639 471 687 κέκληνται,
499 639 575 678 εἴτε
602 635 649 687 δὴ
676 638 796 677 Γέται
819 639 939 686 τινὲς,
967 639 1045 677 εἴτε
1069 641 1135 677 καῖ
1163 638 1337 695 Θρᾷκες,
1363 641 1435 678 τοῦ

99 701 276 738 Δακικοῦ
300 702 434 750 γένους
460 702 532 739 τοῦ
565 699 633 749 τὴν
655 697 851 749 εΡοδόπην
876 700 975 739 ποτὲ
1001 697 1274 750 ἔνοικήσαντος
1300 700 1433 748 ὄντες.

100 774 135 799 v.
163 762 267 809 Virg.
297 765 437 810 Georg.
465 764 503 813 3,
531 763 616 800 461.

201 825 346 862 Omnes
372 825 461 862 illae
489 827 625 871 gentes
661 824 1013 864 transdanubianae
1040 827 1226 865 Romanis
1258 826 1433 863 infensae

100 888 231 935 erant,
259 886 490 934 praesertim
517 897 604 923 cum
628 887 728 924 Daci
761 888 872 925 brevi
906 891 996 925 ante
1030 900 1201 937 pugnam
1233 887 1434 925 Actiacam

98 948 270 984 Antonio
306 959 391 984 sese
427 947 672 984 addixissent
698 945 806 998 (Dio
833 951 903 999 51,
938 950 998 985 22.
1034 951 1127 987 Hor.
1156 949 1219 986 od.
1247 949 1292 998 3,
1319 949 1355 985 6.
1385 948 1433 985 13

97 1006 258 1061 -16.).
311 1010 364 1044 Μ.
404 1010 565 1046 Crassus
592 1019 626 1044 a.
656 1008 741 1044 724.
777 1008 819 1044 in
854 1010 1058 1046 Graeciam
1091 1013 1130 1046 et
1162 1009 1434 1046 Macedoniam

98 1071 146 1107 ab
176 1069 389 1106 Octaviano
415 1070 556 1106 missus
583 1080 670 1105 cum
695 1069 835 1119 Dacis,
872 1070 1073 1108 Bastarnis
1109 1066 1216 1122 (Dio
1243 1071 1305 1120 51,
1332 1069 1433 1123 23.)‚

98 1131 244 1168 Moesis
280 1131 443 1178 aliisque
479 1130 659 1177 gentibus
695 1130 833 1167 vicinis
860 1127 966 1183 (Liv.
995 1133 1087 1180 epit.
1110 1128 1218 1183 134.)
1244 1132 1433 1181 conflixit,

97 1195 137 1230 et
163 1191 210 1229 de
238 1192 299 1229 his
325 1192 564 1240 triumphum
589 1192 670 1238 egit
694 1203 728 1228 a.
757 1191 794 1229 d.
822 1193 857 1228 4.
885 1194 984 1230 Non.
1012 1193 1087 1230 Jul.
1106 1204 1194 1230 ann.
1215 1193 1299 1230 726.
1319 1189 1433 1245 (fasti

99 1254 263 1302 Capitol.
300 1255 346 1291 cf.
374 1254 479 1299 Virg.
515 1254 613 1290 Aen.
641 1253 686 1302 8,
721 1253 932 1291 714-28.
967 1255 1138 1291 Masson.
1174 1256 1263 1292 Jani
1298 1254 1429 1302 templ.

96 1327 133 1363 p.
169 1315 231 1351 69.
268 1317 308 1352 et
341 1327 378 1364 p.
418 1313 544 1365 123.)
597 1315 707 1351 Idem
740 1327 811 1363 per
844 1327 878 1354 a.
915 1315 1001 1352 729.
1038 1317 1225 1353 adversus
1259 1315 1431 1353 Thracas

96 1377 240 1414 bellum
273 1376 414 1426 gessit,
449 1379 493 1412 ut
524 1378 634 1425 patet
669 1388 689 1413 e
724 1377 808 1414 Liv.
847 1377 939 1425 epit.
977 1378 1084 1414 135.:
1106 1378 1296 1428 „Bellum
1323 1388 1350 1414 α
1373 1378 1430 1415 Μ.

100 1439 246 1477 Crasso
282 1440 483 1475 adversus
519 1439 699 1475 Thracas
725 1443 763 1476 ec
789 1450 815 1475 a
847 1439 1022 1476 Caesare
1049 1441 1248 1476 adversus
1273 1439 1430 1486 Hispa-

95 1511 170 1538 nos
193 1504 351 1548 yeslum
377 1497 594 1546 refertur.”
644 1500 744 1536 Tum
770 1500 970 1546 Augustus
1005 1500 1124 1537 misso
1158 1500 1325 1538 Lentulo
1351 1502 1430 1538 Da-

95 1562 151 1598 cis
178 1563 218 1597 et
245 1561 430 1598 Sarmatis
457 1561 602 1597 bellum
627 1561 769 1598 intulit.
818 1562 899 1598 Sed
924 1572 1003 1598 non
1027 1562 1172 1610 liquet,
1207 1561 1362 1609 quando
1387 1561 1430 1598 id

94 1624 238 1659 factum
272 1623 333 1658 sit.
394 1622 633 1669 Interpretes
668 1622 825 1669 quidem
860 1619 940 1675 (ad
975 1622 1036 1658 od.
1073 1623 1118 1671 3,
1157 1622 1192 1658 8.
1233 1623 1293 1659 18.
1322 1625 1361 1659 et
1387 1623 1429 1659 in

93 1683 160 1720 vit.
189 1679 306 1735 Hor.)
333 1694 476 1719 annum
502 1683 586 1719 734.
614 1683 745 1719 rimati
779 1685 889 1733 sunt,
925 1686 1070 1720 temere
1105 1686 1237 1720 tamen
1270 1686 1310 1721 et
1343 1684 1428 1720 sine

93 1745 172 1781 ulla
197 1744 306 1790 justa
337 1744 501 1780 ratione.
562 1744 728 1791 Floras,
763 1752 878 1792 quem
914 1745 1095 1794 laudant,
1140 1745 1236 1782 haec
1277 1747 1428 1782 tantum

94 1806 213 1843 tradit
238 1805 304 1842 lib.
332 1805 406 1855 1v,
436 1805 495 1841 12.
524 1803 661 1855 §.182
682 1807 820 1854 „Daci
846 1806 1042 1843 montibus
1068 1806 1294 1844 inhaerent:
1323 1807 1429 1845 Coti-

94 1867 199 1904 sonis
225 1867 329 1913 regis
355 1866 542 1916 imperio,
578 1867 730 1914 quoties
766 1870 967 1903 concretus
995 1868 1084 1914 gelu
1111 1868 1315 1906 Danubius
1337 1867 1428 1914 jun-

93 1930 206 1965 xerat
231 1928 359 1977 ripas,
396 1927 599 1965 decurrere
627 1927 805 1964 solebant
831 1930 871 1964 et
896 1929 1025 1965 vicina
1050 1929 1240 1978 populari.
1291 1929 1428 1967 Visum

92 1991 154 2026 est
182 1989 340 2027 Caesari
365 1989 541 2036 Augusto
567 1992 722 2036 gentem
757 1989 864 2026 aditu
897 1989 1157 2028 difficillimam
1183 1991 1424 2028 submovere.

93 2051 216 2087 Misso
242 2050 360 2097 igitur
385 2050 551 2088 Lentulo
578 2051 679 2087 ultra
703 2051 927 2088 ulteriorem
960 2053 1104 2100 repulit
1140 2053 1285 2101 ripam:
1327 2052 1425 2088 citra

93 2111 291 2160 praesidia
326 2112 539 2149 constituit.
603 2112 665 2149 Sic
699 2114 791 2150 tunc
824 2113 948 2150 Dacia
980 2124 1060 2151 non
1092 2114 1196 2151 victa
1228 2112 1299 2149 sed
1333 2110 1423 2148 sub-

91 2303 206 2334 sustin.
230 2302 271 2334 32
286 2327 293 2340 ,
319 2302 348 2334 3.
366 2304 398 2345 g.
415 2306 462 2338 6.;
488 2305 582 2339 Daci
605 2314 736 2349 quoque
751 2304 885 2339 suboles
902 2304 1075 2338 Getarum
1091 2305 1181 2338 sunt.
1219 2304 1287 2337 Sed
1303 2304 1422 2336 Sti-ahc

91 2352 130 2387 7,
154 2361 186 2391 p.
209 2350 285 2382 304.
311 2351 413 2383 Getas
446 2358 479 2385 et
507 2355 612 2387 Dacos
643 2356 831 2396 distinguit:
856 2348 997 2397 Γέγονε
1025 2346 1068 2386 δὲ
1101 2351 1166 2386 καῖ
1199 2347 1322 2394 ἄλλος
1354 2348 1422 2395 τῆς

89 2395 226 2444 χώρας
241 2393 435 2446 μερισμὸς
461 2401 668 2457 συμμένων
694 2396 734 2436 ἐκ
752 2399 937 2437 παλαιοῦ.
964 2397 1054 2445 τούς
1071 2399 1144 2449 μὲν
1159 2396 1236 2450 γὰρ
1262 2397 1422 2443 Δάκους

93 2445 458 2530 πῖῗοσαγορεύουσι,
484 2461 574 2494 τους
600 2446 643 2486 δὲ
669 2448 804 2495 Γέτας.
848 2448 972 2496 Γέτας
995 2450 1087 2499 μὲν,
1114 2447 1204 2494 τούς
1229 2445 1328 2498 πρὸς
1353 2445 1422 2485 ‘¹⁴3¹‘

140 2494 250 2532 όντον
274 2495 535 2555 κεκλιμένους,
561 2501 627 2535 καί
653 2497 755 2549 πρὸς
779 2497 849 2546 τὴν
874 2500 938 2537 ἔω.
989 2501 1148 2545 Δάκους
1181 2495 1224 2536 δὲ
1249 2496 1340 2544 τούς
1366 2495 1422 2544 εἷς

93 2543 281 2596 τᾴναντία
314 2558 412 2596 προς
445 2545 688 2596 Γερμανίαν,
722 2550 788 2585 καὶ
821 2546 891 2594 τὰς
917 2549 988 2586 τοῦ
1005 2549 1160 2588 Ἰστοου
1186 2545 1325 2597 πηγὰς,
1351 2545 1421 2595 οὓς

94 2598 207 2643 οἴμαι
232 2595 367 2642 Δάους
392 2597 607 2636 καλεῖσθαι
633 2596 678 2636 τὸ
706 2594 927 2652 παλαιόν.)
1090 2586 1105 2601 “
