1689 2881
799 184 1072 225 —94-

272 290 434 339 ptorisP
458 311 508 318 —
558 290 698 327 Acron
730 291 832 328 inter
865 292 941 329 alia
975 292 1070 329 haec
1104 292 1241 330 habetz
1284 294 1483 343 „Fannius
1516 296 1590 332 iste

270 352 392 389 malus
418 353 535 400 poeta
560 352 651 400 fuit,
681 352 746 400 qui
773 363 859 389 cum
893 354 1008 389 antea
1041 354 1337 402 contempsisset
1361 357 1490 394 datam
1516 357 1592 394 sibi

270 414 477 460 imaginem
502 423 526 448 a
553 413 718 462 Senatu,
752 416 890 461 postea
923 413 1015 451 dum
1047 417 1262 451 moreretur
1287 415 1421 466 petiit,
1454 419 1498 454 ut
1525 417 1592 454 de-

267 475 355 512 latis
381 475 422 510 in
448 473 643 522 publicum
669 476 795 522 capsis
823 475 903 512 suis
930 487 1014 513 cum
1042 476 1209 524 propriis
1233 476 1343 512 libris
1367 476 1592 515 incendere-

268 536 355 571 tur”
382 537 439 571 et:
468 535 668 584 „Fannius
696 536 916 580 Quadratus
952 548 998 573 eo
1033 540 1208 586 tempore
1240 537 1415 583 Satyram
1449 539 1591 575 scribe-

265 596 334 632 bat
359 597 399 631 et
425 598 509 632 erat
535 597 618 633 sine
644 597 789 634 liberis.
841 598 966 644 Hujus
991 598 1180 645 imagines
1207 600 1246 635 et
1270 598 1389 635 libros
1416 598 1592 636 haeredi-

267 658 381 704 petae
420 657 463 693 in
501 658 675 705 publicas
716 658 973 696 bibliothecas
1019 660 1261 709 referebant,
1307 659 1413 696 nullo
1454 661 1593 698 merito

265 718 472 755 doctoris.⁷⁷
521 720 629 756 Haec
654 730 754 768 quae
780 720 940 757 tradunt
966 721 1104 758 Scholl.
1141 723 1318 769 apertum
1352 723 1412 758 est
1437 731 1518 758 non
1542 728 1593 758 ex

262 780 416 817 Horatii
449 780 602 831 verbis,
639 782 709 818 sed
743 793 793 818 ex
819 782 1082 830 antiquiorum
1116 783 1372 830 interpretum
1401 792 1593 820 commen-

263 841 394 890 tariis,
430 842 594 879 fortasse
629 853 680 879 ex
713 844 827 881 llbris
860 846 909 881 de
938 846 1123 891 personis
1156 845 1396 882 Horatianis
1421 843 1591 892 scriptis,

262 901 491 951 deprompta
517 905 558 939 et
583 906 740 940 enotata
766 915 852 940 esse
876 900 924 955 ⁷).
977 904 1060 941 Nec
1094 907 1224 943 tamen
1257 915 1491 953 magnopere
1530 903 1592 941 his

350 1082 389 1122 7)
412 1081 564 1113 Laudant
587 1082 647 1113 hoc
677 1092 756 1123 opus
787 1083 904 1123 passim
931 1082 1143 1114 Scholiastae.
1188 1083 1372 1124 Porphyr.
1398 1083 1441 1114 ad
1463 1083 1535 1114 Sat.
1557 1083 1590 1118 1,

259 1127 291 1158 3.
315 1127 375 1158 21:
400 1127 483 1165 „Qui
508 1127 548 1159 de
571 1128 716 1168 personis
739 1127 928 1158 Horatianis
950 1129 1165 1168 scripserunt,
1189 1129 1280 1167 ajunt
1302 1127 1463 1159 Maenium
1486 1129 1591 1160 caet.''

260 1174 292 1202 et
316 1171 394 1202 ibid.
420 1182 449 1202 v.
475 1172 547 1203 91.:
579 1173 661 1209 „Qui
695 1172 735 1203 de
765 1173 911 1213 personis
934 1173 1121 1203 Horatianis
1144 1173 1342 1212 scripserunt
1364 1173 1454 1213 ajunt
1475 1171 1590 1204 Evan-

259 1216 369 1247 drum’'
393 1219 476 1247 caet.
522 1217 629 1248 Schol.
663 1216 772 1259 Cruq.
804 1217 847 1248 ad
876 1218 945 1248 Sat.
976 1216 1015 1254 1,
1049 1217 1078 1247 3.
1110 1216 1163 1248 21.
1210 1217 1366 1257 Porphyr.
1395 1217 1438 1247 ad
1462 1218 1532 1249 Sat.
1555 1218 1589 1255 1,

258 1261 290 1293 1.
316 1261 407 1293 105.:
439 1260 528 1303 „sub
553 1260 748 1294 nominibus
773 1263 908 1293 relatum
931 1263 1011 1293 est.‘'
1057 1261 1224 1302 Nusquam
1254 1264 1516 1293 commemoratur
1545 1263 1588 1293 ab

259 1306 405 1338 Helem‘o
428 1306 586 1350 Acrone,
611 1316 703 1346 quem
727 1307 950 1347 Porphyrione
973 1306 1186 1346 antiquiorem
1216 1306 1316 1336 fuisse
1341 1308 1428 1337 certo
1451 1307 1587 1345 scimus;

257 1360 332 1382 nam
356 1351 556 1391 Porphyrion
581 1360 657 1381 usus
683 1355 733 1383 est
756 1351 838 1381 illius
863 1351 1114 1387 commentariis,
1138 1351 1208 1390 ipso
1232 1352 1316 1381 teste
1339 1350 1382 1380 ad
1405 1351 1476 1382 Sat.
1499 1351 1531 1389 1,
1554 1351 1586 1383 8.

257 1395 329 1426 25.:
354 1395 529 1438 „Memini
545 1404 599 1427 me
621 1396 738 1436 leyere
760 1396 860 1436 apud
882 1396 1065 1427 Helem'um
1089 1394 1278 1437 Acronem,
1303 1396 1463 1436 Saganam
1486 1396 1586 1427 fuisse

256 1441 385 1470 nomine
408 1441 554 1471 libertam
578 1440 746 1480 Pomponii
769 1441 949 1477 senatoris,
974 1440 1026 1479 qui
1049 1449 1069 1469 a
1085 1440 1262 1470 triumviris
1286 1443 1335 1471 est
1357 1440 1586 1481 proscriptus.·'

258 1488 291 1516 et
314 1485 355 1515 ad
380 1486 449 1516 Sat.
474 1485 505 1523 2,
530 1486 560 1516 3.
585 1485 655 1516 83.:
680 1485 858 1525 „Anticyra
881 1487 914 1516 et
937 1483 1086 1525 oppidum
1110 1486 1143 1514 et
1165 1485 1269 1514 insula
1292 1485 1352 1516 hoc
1375 1486 1511 1522 nomine,
1535 1485 1583 1515 si-

256 1532 310 1559 cut
333 1530 497 1561 Helenius
519 1530 689 1560 testatur.''
710 1548 754 1553 —
800 1529 922 1561 Acron
946 1533 977 1559 et
1000 1529 1070 1568 ipse
1092 1528 1231 1568 antiquis
1255 1529 1344 1559 libris
1366 1538 1444 1560 usus
1467 1532 1527 1567 est,
1550 1529 1584 1560 id

256 1573 341 1613 quod
362 1576 502 1605 testatur
525 1574 567 1604 ad
589 1577 650 1605 art.
674 1577 760 1614 poet.
785 1574 879 1606 120.;
909 1573 1026 1613 „Apud
1055 1573 1368 1605 commentatorem
1399 1574 1448 1605 sic
1473 1574 1583 1605 inveni

256 1619 419 1649 relatum.''
445 1621 477 1649 et
500 1619 542 1648 ad
566 1620 636 1648 Sat.
661 1619 699 1656 1,
723 1619 755 1648 5.
780 1619 832 1649 97.
864 1618 978 1655 „Baris
1003 1617 1117 1648 civitas
1141 1617 1274 1658 Apuliae
1299 1627 1382 1658 quae
1404 1619 1584 1659 appellatur

255 1663 385 1694 Barium
409 1665 441 1694 et
464 1662 601 1693 Abdaris
626 1662 742 1693 dicitur
764 1662 938 1702 hodieque,
970 1665 1005 1692 ut
1036 1662 1117 1692 dixit
1144 1663 1406 1702 yrammaticus
1437 1663 1582 1695 Theoti-

255 1706 365 1739 stus.''
389 1725 434 1730 -—
487 1707 553 1738 Sed
584 1707 668 1747 quod
697 1707 800 1738 Acron
840 1708 936 1738 libros
968 1707 1009 1737 de
1039 1707 1185 1747 personis
1215 1706 1404 1738 Horatianis
1441 1708 1581 1748 scriptos

255 1761 410 1792 nusquam
433 1753 528 1786 citat.
559 1752 634 1783 inde
667 1752 837 1782 Weichert.
862 1754 946 1792 poet.
970 1751 1025 1782 rel.
1049 1762 1079 1792 p.
1103 1751 1178 1783 391.
1201 1754 1267 1782 not.
1293 1751 1324 1783 1.
1356 1752 1483 1791 collegit
1505 1751 1581 1783 illud

255 1806 334 1838 opus
358 1798 398 1828 ab
422 1797 493 1838 ipso
516 1797 652 1827 Helenio
677 1797 884 1836 compositum
909 1806 990 1828 esse.
1038 1797 1127 1829 Quae
1144 1797 1328 1836 conjectura
1351 1796 1426 1828 inde
1442 1796 1580 1828 sortasse

254 1843 405 1881 majorem
429 1842 686 1882 probabilitatem
710 1841 916 1881 adipiscitur,
941 1840 1025 1881 quod
1045 1840 1202 1881 Porphyr.
1225 1841 1257 1871 in
1273 1841 1451 1872 nominibus
1475 1841 1579 1882 expli-

253 1887 365 1917 candis
389 1887 514 1918 Acrone
543 1887 641 1917 multo
671 1887 854 1917 accuratior
885 1889 944 1916 est.
990 1885 1191 1926 Porphyrion
1215 1888 1251 1916 ut
1271 1886 1371 1916 multa
1393 1886 1578 1926 singularia,

253 1931 301 1962 ita
322 1932 483 1972 plerisque
505 1932 537 1962 in
559 1932 638 1962 locis
661 1932 747 1962 solus
771 1931 975 1972 praenomina
999 1933 1032 1961 et
1064 1931 1251 1970 cognomina
1280 1930 1378 1961 habet
1401 1931 1452 1970 (et
1474 1939 1514 1962 ex
1539 1940 1578 1962 eo

254 1985 338 2017 quae
361 1976 523 2006 fluxerunt
546 1976 675 2006 Scholia
699 1976 830 2016 Cruq.);
854 1976 957 2006 Acron
981 1975 1166 2016 simpliciter
1189 1973 1284 2006 affert
1310 1984 1422 2006 nomen
1446 1975 1577 2015 gentili-

255 2021 354 2059 cium,
378 2020 487 2051 neseio
511 2029 552 2050 an
575 2023 747 2060 propterea
778 2020 861 2060 quod
892 2020 1076 2060 diligentius
1107 2019 1169 2050 hae
1192 2019 1232 2050 de
1256 2029 1291 2050 re
1311 2020 1344 2050 iu
1367 2020 1448 2051 libro
1470 2019 1576 2060 aliquo

253 2064 294 2096 dc
316 2065 464 2105 personis
484 2065 673 2095 Horatianis
699 2066 873 2105 composito
890 2067 1093 2105 exposuerat.
1138 2065 1326 2105 Comparari
1345 2066 1477 2103 possunt
1492 2064 1577 2094 utn'-

255 2118 355 2151 usque
386 2110 516 2141 Scholia
544 2109 587 2139 ad
617 2110 687 2139 Sat.
712 2110 735 2147 Ι,
760 2110 791 2140 1.
815 2110 891 2141 101.
922 2110 946 2147 1,
970 2110 1000 2140 1.
1025 2109 1079 2141 14.
1110 2110 1135 2147 Ι,
1160 2110 1190 2140 2.
1215 2109 1254 2139 91
1281 2110 1314 2138 et
1337 2107 1391 2138 95.
1415 2108 1439 2145 1,
1464 2109 1495 2139 3.
1519 2107 1576 2140 84.

253 2154 279 2191 Ι,
304 2155 335 2186 6.
360 2155 413 2186 12.
437 2155 461 2193 I,
486 2154 517 2186 8.
542 2154 595 2186 39.
619 2154 644 2191 Ι,
670 2153 721 2184 10.
747 2154 777 2184 9.
801 2154 825 2191 Ι,
850 2154 903 2185 10.
928 2154 981 2186 17.
1005 2154 1030 2191 Ι,
1054 2153 1107 2184 10.
1132 2154 1184 2184 36.
1203 2155 1235 2183 et
1251 2151 1304 2184 38.
1328 2152 1368 2189 ΙΙ,
1394 2153 1424 2184 3.
1448 2152 1502 2183 60.
1520 2152 1572 2184 69.

253 2198 330 2230 310.
355 2200 447 2239 epist.
470 2199 510 2236 1,
534 2199 565 2230 2.
584 2198 616 2230 4.
639 2197 675 2235 1,
700 2199 730 2230 2.
749 2198 803 2230 28.
827 2198 866 2236 1,
892 2199 921 2230 3.
938 2198 969 2229 1.
994 2197 1044 2228 od.
1069 2199 1099 2235 3,
1124 2198 1154 2229 3.
1172 2197 1226 2229 58.
1272 2197 1446 2228 Caeterum
1468 2196 1573 2227 Acron

251 2243 362 2274 laudat
384 2244 612 2276 Priscianum
634 2243 676 2274 ad
699 2244 793 2284 epist.
817 2243 848 2281 2,
872 2242 902 2274 1.
926 2242 1020 2275 228.:
1052 2242 1210 2280 „Arcesso
1234 2244 1340 2273 autem
1361 2241 1446 2273 idem
1469 2241 1573 2282 signi-

253 2286 348 2325 ficat,
372 2288 456 2332 quod
480 2291 512 2319 et
535 2289 727 2329 primitivum
752 2289 837 2328 ejus,
861 2296 881 2318 a
905 2296 965 2328 quo
997 2287 1165 2318 derivatur
1187 2287 1208 2318 i.
1234 2296 1263 2317 e.
1285 2295 1391 2317 arceo.
1428 2285 1495 2316 Sed
1517 2295 1574 2316 se-

253 2332 390 2365 cundum
413 2332 611 2363 Priscianum
641 2342 770 2364 arcesso
803 2333 892 2363 venit
922 2332 962 2363 ab
993 2332 1137 2370 arceo.‚''
1165 2331 1284 2363 Schol.
1309 2329 1414 2371 Cruq.
1444 2329 1486 2360 ad
1519 2329 1572 2361 od.

253 2378 287 2415 2,
309 2377 340 2408 7.
365 2378 394 2409 3.
448 2377 648 2409 Donatum:
678 2377 855 2413 „Quiritem
884 2377 1089 2417 singulariter
1117 2376 1255 2417 positum
1284 2383 1378 2415 quum
1407 2374 1573 2415 pluraliter

251 2424 378 2456 tantum
399 2421 564 2454 veteribus
587 2422 628 2452 sit
651 2424 837 2463 usurpatum
868 2422 1026 2460 Quirites,
1054 2424 1140 2452 teste
1162 2421 1296 2457 Donato,
1325 2419 1410 2450 sicut
1430 2419 1572 2451 maues.”

254 2466 482 2506 Porphyrion
502 2466 613 2497 vitam
637 2466 784 2498 Horatii
806 2467 954 2506 scripsit,
979 2465 1063 2507 quod
1084 2465 1272 2506 intelligitur
1295 2472 1336 2495 cx
1360 2464 1429 2503 eJus
1452 2462 1569 2494 scholio

255 2511 297 2541 ad
320 2512 389 2542 Sat.
407 2510 437 2549 1,
460 2511 491 2542 6.
515 2509 568 2541 41.
591 2509 713 2547 „Patre
736 2511 882 2540 libertino
899 2513 1007 2541 natum
1031 2520 1103 2541 esse
1117 2509 1296 2547 Horatium,
1319 2511 1352 2539 et
1375 2508 1407 2539 in
1429 2514 1568 2540 narra-

255 2557 365 2598 tione,
389 2563 495 2598 quam
518 2554 562 2587 de
582 2555 660 2588 vita
680 2555 789 2597 ipsius
812 2552 930 2596 habui,
954 2554 1110 2586 ostendi.'’
