1643 2959
689 219 970 260 „130—

170 331 342 368 meliosis
379 329 554 366 versibus
589 326 799 376 proscidit,
835 325 1086 372 gravissimae
1120 327 1250 363 tamen
1274 326 1500 364 inimicitiae

169 393 210 431 in
234 403 353 429 unum
380 389 624 438 potissimum
651 390 804 436 tempus
830 386 1015 424 incidisse
1041 385 1243 436 videntur,
1269 387 1324 424 ita
1350 389 1393 424 ut
1419 397 1501 424 car-

169 454 295 502 mina,
323 453 364 488 in
390 450 530 498 quibus
560 449 722 486 Canidia
757 448 976 497 deridetur,
1015 447 1201 495 temporis
1237 449 1502 494 cognationem
1564 457 1568 460 ’

170 515 314 551 habere
351 510 594 548 contendam.
649 509 796 553 Quodsi
831 509 879 546 ab
915 520 948 546 a.
985 508 1069 545 717.
1107 510 1174 544 aut
1200 508 1285 545 718.
1313 519 1396 545 eam
1422 521 1503 546 car-

170 576 248 624 psit
274 574 314 609 et
339 571 507 609 ludibrio
534 571 692 620 habuit,
720 582 791 619 per
817 582 888 607 sex
913 571 993 606 fere
1020 580 1141 606 annos
1167 569 1209 606 id
1234 569 1372 606 fecisse
1399 570 1504 606 vide·

171 639 244 671 tur.
299 635 398 672 Nam
425 645 458 670 a.
488 633 573 670 720.
603 633 716 669 anilis
744 633 919 668 mulieris
953 641 1097 668 nomen
1129 631 1293 667 recurrit
1327 629 1438 679 epod.
1465 631 1503 680 3,

170 696 206 733 8.
236 698 275 732 et
301 706 334 731 a.
373 695 456 731 724.
493 695 535 730 in
570 695 647 731 Sat.
676 694 720 743 2,
750 693 784 729 8.
813 693 874 729 95.
904 695 943 729 et
968 693 1014 742 2,
1053 693 1084 729 1.
1114 692 1174 729 48.
1226 692 1326 729 Tum
1353 691 1505 728 demum

169 756 345 794 laborum
373 767 417 792 ac
443 755 686 792 miseriarum
714 755 884 802 quietem
913 754 1034 802 cepit!
1086 755 1185 791 Tum
1212 753 1364 789 demum
1384 753 1506 789 Hora-

170 819 248 855 tius
275 818 311 854 ei
338 829 497 866 parcere
525 817 674 865 coepit,
703 819 743 852 et
769 816 809 851 in
837 816 1000 862 gratiam
1037 814 1319 863 quodammodo
1347 825 1434 850 eum
1460 824 1507 849 ea

170 879 287 916 rediit
314 879 457 926 scripto
484 878 611 925 epodo
640 877 698 912 17.
753 877 827 913 Sed
855 877 928 913 hoe
956 877 1004 912 de
1034 877 1254 922 conjectura
1282 877 1409 913 statuo
1435 885 1507 910 nec

172 940 337 978 obtrudo
365 940 556 986 cuiquam.
613 939 769 975 Certum
805 940 864 973 est
901 938 1067 985 epodum
1097 938 1154 974 17.
1184 938 1300 974 etiam
1327 937 1444 973 satira
1470 935 1505 971 8.

172 1001 426 1050 posteriorem
455 1011 540 1035 esse
560 995 628 1050 (cf.
658 1010 717 1045 ep.
749 998 815 1046 17,
845 998 904 1034 47.
933 997 992 1034 48.
1022 999 1081 1034 58.
1111 998 1169 1034 59.
1199 1001 1238 1034 et
1263 1010 1299 1034 v.
1328 997 1504 1033 76—79.

173 1072 260 1098 eum
296 1061 373 1097 Sat.
413 1061 455 1108 1,
491 1060 526 1096 8.
565 1060 613 1095 30
649 1054 749 1110 sq.).
777 1080 828 1086 —
874 1058 1075 1095 Kirehner.
1114 1058 1226 1106 epod.
1264 1060 1298 1095 5.
1335 1070 1369 1094 a.
1406 1058 1506 1106 720„

173 1120 397 1159 Grotefend.
444 1132 480 1168 p.
527 1121 611 1157 460.
648 1120 686 1155 b.
731 1120 832 1155 hune
876 1123 913 1155 et
953 1120 1010 1156 17.
1056 1131 1089 1156 a.
1127 1120 1211 1156 715.
1247 1120 1506 1167 assignarunt,

171 1183 328 1220 Passov.
357 1183 435 1217 not.
467 1182 549 1218 183.
579 1193 615 1229 p.
645 1180 824 1217 LXXIII.
854 1184 1058 1229 utrumque
1090 1183 1179 1230 post
1206 1180 1383 1217 ann.723.
1414 1180 1506 1216 scri-

172 1246 281 1292 ptum
308 1254 393 1279 esso
426 1243 636 1279 contendit.

278 1330 508 1368 tironus
534 1329 615 1367 v1.
643 1331 782 1380 „Qum
797 1333 1080 1369 immerentes„
1094 1332 1264 1368 incertae
1280 1332 1419 1368 aetatis
1438 1334 1505 1367 est.

171 1394 254 1433 Nee
281 1395 453 1442 constat,
480 1393 521 1429 in
549 1403 664 1440 quem
691 1392 858 1440 scriptus
887 1393 948 1428 sit.
1002 1393 1091 1429 Non
1125 1392 1227 1429 enim
1255 1404 1370 1441 posse
1396 1392 1509 1428 intel-

172 1455 240 1501 ligi
272 1455 458 1493 Cassium
483 1455 697 1501 Severum,
732 1453 925 1499 insignem
960 1456 1174 1504 oratorem,
1212 1454 1281 1491 sed
1315 1454 1510 1491 hominem

175 1515 585 1553 maledicentissimum
611 1536 661 1542 --
687 1516 729 1549 ut
766 1514 904 1550 Scholl.
940 1515 1145 1550 voluerunt
1179 1536 1230 1543 —-
1263 1515 1353 1551 inde
1388 1517 1508 1563 patet,

175 1576 277 1624 quod
305 1577 337 1612 is
366 1587 411 1611 eo
430 1578 624 1624 tempore,
655 1586 730 1622 quo
753 1576 937 1611 Horatius
958 1575 1111 1620 jambos
1131 1575 1306 1625 scripsit,
1333 1577 1400 1612 vix
1417 1586 1509 1623 pue-

173 1637 303 1674 ritiam
338 1639 580 1684 excesserat,
618 1635 810 1683 siquidem
844 1638 942 1671 teste
970 1636 1110 1672 Euseb.
1140 1636 1270 1673 chron.
1306 1647 1407 1672 anno
1444 1636 1508 1672 de-

174 1708 279 1733 mum
306 1708 341 1733 u.
371 1708 402 1732 c.
431 1696 515 1732 786.
546 1696 748 1732 defunctus
778 1698 847 1732 est.
877 1697 923 1732 cf.
952 1696 1108 1733 Kirchn.
1138 1700 1286 1744 quaest.
1316 1709 1352 1745 p.
1381 1697 1441 1733 24.
1470 1700 1509 1732 et

176 1757 369 1795 Obbarius
406 1757 446 1792 in
483 1756 592 1793 Seeb.
620 1757 733 1793 Jahn.
764 1759 803 1792 et
828 1756 950 1793 Klotz.
989 1758 1114 1794 annal.
1144 1769 1177 1794 a.
1209 1758 1316 1795 1836.
1344 1759 1419 1795 vol.
1450 1757 1507 1794 16.

175 1831 212 1868 p.
250 1818 309 1855 49.
339 1839 389 1846 -
441 1817 742 1854 Scholiastarum
770 1818 991 1853 auctoritati
1027 1822 1227 1855 cesserunt
1262 1822 1351 1867 post
1378 1821 1508 1868 Cruq.,

175 1880 375 1928 Torrent.,
404 1878 621 1923 Bentlejum
649 1878 698 1914 ad
726 1878 803 1914 Sat.
834 1878 875 1926 1,
904 1878 938 1914 3.
967 1878 1052 1928 82,
1090 1881 1251 1930 Sanad.,
1287 1883 1425 1918 Dacer.
1470 1884 1510 1917 et

175 1940 358 1978 Jahnium
387 1939 599 1975 doctissimi
626 1939 701 1975 viri
727 1938 937 1975 weichert.
967 1940 1014 1976 de
1042 1942 1130 1977 Var.
1160 1944 1198 1977 et
1223 1943 1327 1978 Cass.
1357 1953 1392 1990 p.
1422 1941 1507 1978 208.

177 2003 217 2037 et
252 2001 336 2037 Car.
372 1999 530 2036 Passov.
570 2001 636 2036 vit.
674 2002 753 2037 not.
798 2000 879 2036 183.
910 2012 945 2047 p.
975 2001 1125 2039 LXXII
1154 2014 1232 2052 sq.,
1271 2003 1384 2040 diffisi
1419 2004 1509 2039 sunt

176 2060 314 2109 reliqui
341 2060 585 2108 interpretes.
615 2061 815 2098 Kirchner.
845 2065 992 2109 quaest.
1021 2075 1057 2110 p.
1086 2064 1145 2100 25.
1176 2064 1223 2100 de
1251 2066 1380 2102 olente
1394 2066 1508 2102 Mae-

176 2122 240 2159 vio
267 2118 401 2173 (epod.
433 2117 515 2172 10.)
543 2122 706 2171 cogitat,
744 2126 783 2158 et
811 2124 956 2160 Grotef.
987 2123 1034 2160 de
1061 2125 1190 2162 Baria
1219 2121 1344 2176 (Virg.
1373 2125 1440 2161 cel.
1469 2126 1507 2174 3,

177 2179 271 2232 90.).
326 2181 480 2218 Kirchn.
519 2193 554 2229 p.
592 2182 651 2218 24.
690 2184 857 2231 epodum
884 2195 943 2220 an.
974 2185 1080 2235 720.,
1118 2186 1264 2222 Grotef.
1293 2197 1328 2234 p.
1359 2185 1442 2222 461.
1471 2197 1505 2222 a.

177 2252 277 2279 anno
304 2242 387 2278 716.
418 2243 602 2290 scriptum
628 2243 873 2281 arbitrantur.
901 2266 951 2273 —

277 2323 504 2362 nl’ontrs
522 2326 627 2362 vn.
666 2328 783 2377 „Quo
801 2340 881 2377 quo
894 2331 1075 2367 seems-{2¹³⁷
1095 2341 1163 2378 per
1181 2341 1270 2368 ann.
1290 2331 1374 2367 722.
1412 2332 1506 2367 scri-

178 2386 269 2433 ptus
288 2395 374 2421 esse
392 2385 559 2437 videtur,
587 2387 624 2424 h.
645 2399 678 2425 e.
699 2400 744 2425 eo
755 2392 942 2439 tempore,
962 2401 1037 2438 quo
1054 2392 1305 2442 Octaw'anus,
1324 2402 1411 2429 cum
1423 2392 1505 2438 jam

180 2445 267 2482 Sex.
294 2444 518 2493 Pompejum
556 2453 779 2496 superasset
816 2454 855 2486 et
880 2451 1075 2500 Lepidum
1101 2453 1275 2489 exuisset
1302 2453 1503 2503 dignitate,

178 2516 321 2543 novum
346 2506 490 2544 bellum
518 2519 655 2545 contra
681 2512 897 2547 Antonium
915 2513 1089 2559 parabat.
1110 2515 1156 2551 cs.
1177 2513 1332 2550 Kirchn.
1353 2519 1503 2562 quaest.

181 2576 215 2614 p.
244 2567 326 2614 22.‚
357 2568 502 2606 Grotef.
530 2579 566 2617 p.
597 2569 680 2606 465.
710 2570 771 2620 b.,
800 2571 956 2608 Passov.
987 2585 1022 2609 n.
1055 2575 1138 2611 100.
1166 2594 1217 2601 -
