1679 2948
689 186 963 227 *74-

164 295 347 334 Horatius
375 296 624 344 epistolarum
649 294 790 331 librum
816 295 845 331 Ι.
873 295 923 331 ad
948 295 1062 331 finem
1095 295 1323 343 perduxerit
1357 296 1489 334 edide-

163 359 311 409 ritque,
340 356 633 406 dispiciendum.
688 356 774 398 Qua
799 355 839 391 in
865 366 907 391 re
934 365 1165 404 quamquam
1191 357 1406 395 certissimo
1432 358 1491 394 in-

163 419 265 457 dicio
309 418 462 466 egregie
505 417 627 464 adjuti
662 427 816 465 sumus,
857 418 902 452 ut
926 417 1060 465 paucis
1086 427 1149 452 res
1176 416 1324 455 absolvi
1347 419 1491 467 possit:

163 480 369 518 dolendum
393 480 545 528 tamen⁷
585 479 689 527 quod
726 478 907 527 permulti
941 478 1018 526 ipsi
1051 479 1192 526 poetae
1221 477 1337 515 diffisi
1360 491 1492 517 veram

161 542 344 590 temporis
370 539 560 577 rationem
586 539 745 588 ejusque
778 538 892 575 fidem
918 540 1118 576 elevarunt
1144 541 1260 588 atque
1287 540 1493 578 sedulitate

160 603 258 639 male
273 612 437 649 operosa
449 612 532 638 rem
546 601 870 649 simplicissimam
891 600 1168 648 perturbarunt
1183 602 1223 636 et
1239 601 1495 637 confuderunt

162 663 437 700 infelicissime.
490 662 706 712 Epistolam
731 663 791 699 20.
820 662 862 698 in
886 662 976 698 libri
1002 662 1203 709 cujusdam
1229 661 1399 699 editione
1426 673 1493 710 pa-

159 726 243 761 rata
278 726 475 761 exaratam
510 735 597 761 esse
636 726 717 761 tam
754 724 912 772 planum
951 725 1066 771 atque
1106 724 1283 772 apertum
1325 724 1406 772 est,
1451 725 1495 759 ut

158 796 273 822 nemo
299 796 468 833 unquam
504 785 804 822 addubitaverit.
856 786 938 822 Nec
973 784 1191 822 dubitasset
1223 785 1353 822 hercle
1388 783 1494 832 quis-

159 858 295 897 quam,
333 848 467 894 ipsum
501 848 765 894 epistolarum
798 847 945 884 librum
978 844 1271 893 intelligendum
1310 857 1418 896 esse,
1460 845 1494 881 si

159 908 344 957 temporis
370 907 520 945 notatio
547 919 570 944 a
595 908 669 944 fine
697 907 878 944 carminis
905 907 1062 944 abesset
1087 907 1204 945 haec:

358 969 474 1006 Forte
502 979 630 1004 meum
657 968 689 1003 si
717 968 802 1015 quis
829 971 868 1004 te
896 968 1188 1015 percontabitur
1214 979 1366 1016 aevum,

358 1030 423 1069 Me
450 1031 588 1077 quater
613 1029 789 1065 undenos
817 1028 914 1065 sciat
940 1029 1162 1077 implevisse
1189 1028 1441 1078 Decembres,

359 1091 555 1136 Collegam
580 1090 772 1137 Lepidum
799 1101 875 1138 quo
903 1089 1015 1127 duxit
1040 1091 1187 1127 Lollius
1215 1101 1329 1128 anno.

156 1153 201 1190 In
228 1162 305 1199 qua
331 1163 417 1188 eum
443 1154 561 1200 poeta
588 1162 730 1187 amium
764 1152 904 1188 aetatis
939 1151 1277 1200 quadragesimum
1313 1152 1492 1199 quartum

157 1225 199 1249 se
225 1212 448 1261 implevisse
477 1213 580 1249 dieat
606 1223 707 1249 anno
734 1224 771 1248 u.
800 1224 832 1249 c.
861 1212 967 1250 733.:
995 1213 1151 1261 plurimi
1178 1212 1252 1249 hoc
1276 1212 1364 1260 ipso
1391 1223 1492 1249 anno

155 1274 309 1324 librum,
337 1273 404 1322 qui
430 1274 704 1320 intelligendus
732 1276 803 1323 sit,
830 1274 976 1322 publici
996 1274 1097 1322 juris
1124 1275 1266 1311 factum
1292 1284 1379 1310 esse
1405 1284 1491 1322 per-

156 1345 289 1384 peram
314 1335 389 1372 rati
415 1337 607 1381 negarunt
631 1335 827 1384 epilogum
863 1335 913 1371 ad
940 1335 1190 1383 epistolarum
1225 1334 1400 1381 syllogen
1431 1345 1492 1370 re-

156 1397 248 1434 ferri
274 1407 411 1446 posse,
439 1396 531 1444 quia
558 1396 657 1446 sint,
684 1407 781 1445 quas
809 1397 986 1444 sequenti
1014 1397 1167 1433 demum
1193 1406 1294 1432 anno
1328 1396 1493 1444 scriptas

156 1471 242 1496 esse
282 1460 445 1496 constet.
497 1458 633 1506 ltaque
673 1458 858 1494 Massono
897 1458 938 1494 in
976 1458 1044 1494 vit.
1084 1458 1177 1494 Hor.
1216 1468 1254 1506 p.
1291 1456 1376 1493 260.
1409 1456 1493 1503 Jam

155 1520 372 1557 haesitante
412 1520 649 1556 recentiores
690 1522 755 1556 aut
795 1519 1040 1566 tergiversati
1080 1521 1170 1555 sunt
1209 1520 1276 1554 aut
1318 1517 1491 1554 diversas

155 1581 326 1618 inierunt
365 1580 585 1629 explicandi
624 1581 805 1617 rationes.
859 1579 1082 1617 Grotefend.
1124 1590 1161 1627 p.
1198 1579 1337 1615 472.b.
1378 1580 1417 1614 et
1452 1589 1489 1626 p.

155 1643 239 1679 475.
255 1654 289 1679 a.
317 1642 359 1679 id
384 1644 538 1689 tempus
566 1641 774 1688 significari
801 1643 975 1677 autumat
1001 1652 1077 1689 quo
1104 1642 1221 1689 poeta
1240 1640 1491 1688 epistolarum

155 1703 444 1741 scribendarum
470 1703 624 1740 initium
650 1703 808 1752 feeerit3
836 1703 1036 1739 Kirclmer.
1064 1703 1105 1738 in
1131 1703 1280 1749 quaest.
1308 1713 1345 1750 p.
1365 1701 1416 1737 36
1430 1711 1487 1748 sq.

154 1763 190 1815 ξ.
219 1765 380 1801 64—66.
409 1765 562 1812 epodon
587 1764 687 1800 libro
714 1766 796 1800 tum
823 1764 964 1800 emisso
993 1763 1198 1812 epistolam
1215 1763 1396 1799 comitem
1423 1761 1489 1799 da-

154 1830 233 1862 tam
268 1837 353 1862 esse
394 1826 467 1862 sibi
506 1837 579 1862 nec
617 1827 747 1861 tamen
785 1828 940 1873 praeter
980 1825 1166 1862 Orellium
1205 1824 1384 1872 cuiquam
1423 1824 1488 1860 alii

153 1887 349 1936 persuasit
383 1883 495 1939 (vide
522 1886 638 1923 modo
665 1897 720 1923 vs.
750 1887 808 1924 17.
837 1889 877 1923 et
906 1883 1032 1937 18.!);
1067 1887 1277 1924 Wcichert.
1314 1885 1363 1922 de
1398 1886 1486 1922 Var.

154 1951 194 1985 ct
221 1949 328 1986 Cass.
358 1959 394 1997 p.
424 1949 508 1985 167.
537 1948 640 1985 bono
668 1949 853 1997 temporis
881 1948 1025 1985 ind-icio
1061 1952 1192 1996 spreto
1218 1947 1360 1984 librum
1386 1956 1488 1983 anno

153 2022 189 2046 u.
219 2021 249 2046 c.
278 2009 363 2046 738.
392 2010 537 2046 editum
572 2022 657 2046 esse
695 2011 841 2046 statuit.
895 2010 977 2047 Alii
1011 2009 1177 2058 donique
1213 2011 1488 2046 concesserunt

154 2070 311 2119 quidem
337 2071 540 2120 epistolam
567 2071 626 2107 20.
656 2072 849 2119 epilogum
876 2083 962 2108 esse
995 2073 1123 2118 ipsius
1147 2072 1407 2118 epistolarum
1432 2071 1486 2107 Ιί-

153 2134 238 2182 bri)
277 2132 347 2169 sed
373 2132 558 2180 temporis
584 2135 675 2168 nota
710 2135 899 2178 negarunt
937 2133 999 2168 vel
1038 2132 1226 2180 epistolae
1265 2131 1327 2167 vel
1367 2131 1485 2166 totius

152 2193 241 2230 libri
275 2196 444 2230 aetatem
478 2193 627 2230 definiri
662 2204 789 2241 posse.
844 2195 896 2230 At
936 2194 968 2228 si
1010 2193 1236 2241 simpliciter
1275 2195 1314 2228 ct
1358 2192 1486 2228 sobrie

154 2266 236 2291 rem
263 2256 513 2305 spectaveris,
543 2258 725 2303 apparet:

255 2317 288 2354 1.
317 2317 530 2365 Epistolam
557 2317 616 2353 20.
647 2319 728 2352 tum
755 2317 1007 2364 compositam
1035 2328 1143 2364 esse,
1173 2327 1260 2352 cum
1287 2314 1482 2360 evulgare-

155 2381 217 2415 tur
244 2379 305 2415 cui
332 2389 483 2415 annexa
508 2382 567 2415 est
595 2379 844 2427 epistolarum
872 2379 1030 2424 sylloge.

252 2440 288 2476 2.
315 2440 473 2477 Poetam
498 2440 595 2476 nihil
622 2440 724 2476 aliud
751 2439 825 2475 sibi
853 2439 1041 2487 voluisse,
1071 2450 1184 2487 quam
1212 2441 1252 2474 ut
1280 2437 1481 2486 indicaret,

155 2513 229 2549 quo
257 2501 394 2538 aetatis
422 2512 521 2538 auno
547 2501 686 2537 librum
714 2500 909 2536 edidisset.

254 2563 286 2598 3.
315 2563 472 2600 Poctam
498 2563 628 2609 inepte
663 2564 698 2597 et
727 2561 869 2598 insulse
908 2561 1054 2609 egisse,
1098 2561 1129 2597 si
1165 2563 1331 2598 aetatem
1373 2571 1480 2597 suam
