1679 2948
738 227 903 265 „54
962 251 1014 254 ‚-

210 334 265 370 tio
291 345 531 371 communem
558 346 731 370 errorum
758 336 903 370 fontem
931 337 969 369 et
987 337 1146 381 puteum
1163 335 1538 372 commonstrandum

210 395 321 444 duco,
349 406 397 431 ne
426 398 464 431 et
489 407 559 431 nos
588 395 628 430 in
655 394 820 430 eundem
846 395 1004 441 illapsos
1031 405 1120 430 acer
1155 396 1292 443 aliquis
1319 397 1458 432 fluvius
1487 396 1538 432 si-

208 457 288 492 mul
314 468 399 492 cum
425 458 510 504 ripa
536 455 714 503 abripiat.

309 518 453 553 Eorum
486 517 604 563 igitur
638 516 704 564 qui
737 517 779 553 in
813 517 966 553 Horatii
994 517 1253 565 explicatione
1279 519 1425 554 versati
1451 520 1540 555 sunt

208 588 322 613 nemo
347 578 492 627 nescit,
527 578 713 614 lubricam
740 578 948 615 admodum
975 590 1060 614 esse
1088 581 1126 613 et
1151 579 1338 615 incertam
1373 579 1540 625 singulo-

208 649 293 673 rum
320 639 532 675 carminum
558 639 820 676 definitioncm
847 640 1046 687 temporis.
1092 640 1192 675 Nam
1220 651 1306 676 cum
1331 640 1539 688 pleraeque

210 699 348 735 aetatis
375 703 490 736 notae
518 702 585 736 aut
611 701 725 748 plane
762 701 902 737 dubiae
938 703 977 736 et
1012 700 1214 746 ambiguae
1251 702 1349 750 sint,
1385 703 1452 737 aut
1486 702 1541 737 ita

207 762 347 797 natura
381 772 450 797 sua
484 764 750 812 comparatae,
785 763 827 797 ut
861 763 1004 798 factum
1037 762 1195 809 quidem
1229 763 1385 811 aliquod
1418 763 1541 810 respi-

209 821 344 871 ciatur,
373 822 441 858 sed
468 824 644 869 poeticae
671 823 943 871 descriptionis
962 823 1088 859 colore
1107 826 1145 859 et
1162 825 1282 860 veluti
1309 826 1395 860 suco
1414 824 1541 871 splen-

210 882 301 918 dida
327 883 510 919 historiae
537 884 605 919 lux
631 885 877 920 obscuretur:
917 887 995 920 tam
1020 884 1186 920 liberum
1213 887 1253 920 et
1279 886 1448 932 amplum
1474 896 1541 932 ap-

209 946 322 990 paret
348 956 526 992 campum
553 945 784 990 conjecturis
812 946 874 981 hic
901 948 1049 993 patere,
1077 947 1120 981 ut
1147 946 1410 983 diversissima
1426 957 1542 993 quae-

209 1014 284 1051 que
312 1005 359 1041 de
400 1017 476 1041 uno
517 1017 632 1053 saepe
674 1008 713 1041 et
752 1006 888 1041 eodem
928 1006 1094 1041 carmine
1123 1018 1145 1042 a
1170 1008 1250 1043 VV.
1278 1009 1363 1044 DD.
1392 1007 1543 1055 prolata

209 1076 295 1100 esse
324 1076 370 1101 eo
397 1067 522 1102 minus
550 1066 769 1102 mirandum
796 1068 866 1117 sit,
907 1077 983 1114 quo
1022 1067 1256 1114 implicatior
1288 1068 1375 1115 ipsa
1409 1068 1543 1104 turbu-

207 1125 303 1161 lenti
329 1126 440 1163 istius
468 1127 653 1175 temporis
681 1128 842 1163 historia
869 1130 941 1176 cst,
969 1139 1121 1176 quoque
1150 1129 1305 1177 saepius
1325 1129 1543 1165 consimiles

208 1187 445 1234 reipublicae
482 1191 604 1224 status
638 1188 802 1224 rediisse
838 1189 1025 1225 videmus.
1079 1191 1165 1232 Qua
1200 1190 1248 1226 de
1281 1201 1323 1226 re
1361 1189 1544 1238 quemad-

209 1248 366 1284 modum
391 1249 655 1296 quaerendum
683 1253 786 1299 erat,
822 1250 1009 1298 numquid
1037 1253 1161 1299 esset,
1197 1261 1273 1298 quo
1301 1251 1544 1298 aliquatenus

210 1309 348 1345 saltem
374 1313 558 1358 tanquam
585 1311 776 1346 communi
803 1322 938 1347 norma
977 1314 1014 1347 et
1053 1312 1185 1357 regula
1225 1312 1366 1348 certior
1405 1314 1444 1348 et
1483 1312 1544 1347 fir-

210 1370 309 1406 mior
333 1372 563 1408 redderetur
589 1374 694 1408 fluxa
719 1372 951 1408 indiciorum
977 1373 1071 1408 fides
1097 1373 1138 1408 in
1166 1373 1346 1419 singulis:
1374 1373 1545 1408 ita'can·

210 1432 309 1481 ceni,
338 1433 441 1469 intra
467 1444 563 1481 quos
591 1433 795 1470 Horatium
827 1434 950 1479 lyrica
985 1434 1155 1470 carmina
1191 1445 1372 1470 exarasse
1407 1433 1544 1469 verisi-

209 1492 300 1529 mile
328 1497 446 1544 esset,
473 1505 718 1542 nequaquam
746 1505 795 1530 ex
822 1497 949 1530 aetate
970 1496 1206 1541 singulorum
1223 1496 1446 1543 poematum
1463 1495 1545 1530 sola

210 1555 370 1601 petendi
410 1559 541 1604 erant7
583 1555 652 1592 sed
679 1567 728 1591 cx
753 1567 795 1591 re
824 1556 989 1602 quadam
1030 1557 1272 1592 extrinsecus
1313 1556 1404 1592 data
1442 1555 1479 1591 h.
1509 1568 1542 1591 e.

211 1625 298 1650 cum
325 1627 346 1651 e
374 1617 537 1652 caeteris
564 1619 703 1664 poetae
739 1617 892 1663 scriptis
933 1619 1014 1652 tum
1041 1629 1089 1652 ex
1116 1620 1197 1653 tota
1224 1617 1306 1663 ejus
1347 1616 1447 1665 vita,
1488 1616 1545 1651 vi-

210 1675 327 1711 vendi
355 1677 575 1713 conditione
604 1680 719 1724 atque
747 1677 941 1713 sentiendi
968 1678 1238 1725 cogitandique
1264 1678 1426 1714 ratione.
1454 1677 1544 1714 Dis-

211 1736 376 1783 puderet
402 1749 494 1774 sane
522 1739 635 1784 hujus
663 1750 724 1773 me
751 1739 958 1788 postulati,
999 1739 1034 1775 si
1069 1742 1135 1775 aut
1163 1750 1248 1775 esse
1284 1738 1543 1786 extricarique

211 1807 327 1843 posse
354 1800 574 1844 generalem
600 1800 766 1847 aliquam
792 1811 966 1835 normam
985 1803 1067 1836 vaut
1100 1801 1262 1836 multum
1296 1799 1385 1836 inde
1411 1799 1544 1847 profici

214 1857 497 1906 desperandum
538 1863 653 1897 essct.
714 1861 790 1896 Sed
828 1860 927 1896 bene
968 1862 1169 1898 nobiscum
1208 1863 1335 1898 actum
1369 1872 1455 1896 esse
1496 1871 1545 1896 ex

214 1919 299 1967 ipsa
325 1932 423 1967 quae
453 1923 627 1969 sequitur
654 1922 915 1969 disputatione
944 1923 1180 1959 intellectum
1206 1923 1255 1958 iri
1282 1922 1442 1958 confido.

313 1981 409 2018 Tres
437 1984 586 2030 priores
614 1984 825 2020 carminum
850 1984 970 2020 libros
997 1985 1116 2020 multo
1143 1987 1231 2019 aute
1257 1985 1436 2031 quartum
1453 1983 1545 2019 scri-

214 2044 302 2089 ptos
347 2045 386 2078 et
426 2044 549 2080 editos
592 2057 699 2093 esse,
742 2056 820 2080 non
860 2046 984 2081 solum
1021 2045 1332 2092 locupletissimis
1371 2045 1545 2081 Suetonii

215 2103 591 2152 Scholiastarumque
619 2106 864 2153 testimoniis,
893 2106 961 2142 sed
988 2107 1112 2153 primo
1132 2107 1247 2141 etiam
1274 2106 1362 2141 libri
1380 2106 1442 2142 lv.
1463 2117 1544 2141 car-

215 2166 317 2201 mine
344 2168 426 2201 toto
462 2162 584 2218 (anno
612 2168 690 2202 sere
718 2178 754 2202 u.
784 2179 814 2203 c.
844 2167 928 2202 7:39.
958 2170 1023 2202 aut
1051 2168 1134 2203 740.
1165 2163 1422 2219 composito),
1450 2167 1544 2214 quin

217 2227 341 2274 primo
367 2239 502 2263 vorsu:
549 2230 910 2276 „buerunt-sa,
950 2229 1104 2277 Venus,
1140 2231 1224 2265 (Ιὶιι
1251 2229 1414 2265 Rursus
1440 2229 1544 2264 bella

217 2287 379 2325 22202345’8‘6
408 2291 513 2324 certo
541 2289 714 2325 efficitur.
768 2291 904 2336 Neque
933 2290 1101 2325 dubitari
1137 2292 1265 2337 potest
1299 2290 1392 2336 quin
1425 2289 1544 2324 inter-

217 2349 344 2385 medio
371 2349 443 2386 hoc
470 2353 642 2398 tempore
670 2353 709 2386 et
744 2351 992 2398 epistolarum
1027 2351 1124 2386 liber
1150 2352 1178 2386 1.
1215 2348 1399 2402 (sortasse
1427 2349 1544 2385 etiam

217 2410 265 2446 ΙΙ.
294 2412 333 2446 et
359 2412 523 2458 epistola
557 2412 606 2447 ad
639 2409 820 2463 Pisones)
857 2414 896 2447 ct
930 2423 1082 2448 carmen
1117 2413 1311 2448 saeculare
1346 2411 1386 2446 in
1419 2410 1543 2447 lucem

218 2471 444 2518 prodierint.
497 2472 758 2520 Epistolarum
792 2473 890 2508 liber
923 2474 950 2508 Ι.
988 2474 1132 2520 prodiit
1167 2484 1201 2508 a.
1229 2484 1264 2508 u.
1294 2483 1325 2508 c.
1354 2472 1438 2507 734.
1476 2471 1542 2507 sed

219 2534 309 2568 ante
345 2533 447 2569 diem
474 2534 624 2569 Horatii
658 2534 826 2569 natalem
867 2530 950 2585 (VI.
980 2534 1035 2570 Id.
1064 2531 1311 2585 Decenssnn),
1352 2532 1454 2580 quod
1490 2532 1544 2568 ita

219 2595 379 2643 certum,
407 2596 449 2630 ut
475 2594 529 2630 nil
557 2605 682 2642 supra.
736 2594 852 2641 Atqui
881 2595 1002 2641 lyrica
1037 2595 1205 2631 earmina
1239 2597 1327 2631 ante
1363 2593 1542 2642 epistola-
