1643 2959
710 177 992 219 -220-

183 285 387 339 Sanadon.‚
413 286 583 334 Mitsch.‚
609 284 712 334 Jani,
739 284 932 322 Vanderb.
968 285 1112 334 aliique
1146 287 1335 336 Torquati
1360 291 1506 329 Consu.

181 350 230 387 lis
267 354 448 398 nepotem
485 345 777 393 intelligendum
819 357 906 384 esse
949 346 1241 385 contenderunt.
1295 349 1370 388 Sed
1406 363 1507 390 com-

181 411 384 448 menticius
423 407 487 444 ille
527 408 607 456 est,
651 408 796 456 quippe
839 419 954 457 quem
998 408 1305 455 conjecturarum
1346 412 1508 451 fecunda

180 482 289 510 mens
314 468 470 507 Dacerii
495 468 657 517 peperit.
698 470 788 506 Alia
821 470 885 507 via
910 480 1140 518 progressus
1168 472 1228 507 est
1252 471 1506 513 Weichertus.

180 533 253 571 Hie
279 531 403 580 enim,
442 529 510 567 ubi
545 532 625 567 tres
664 530 750 568 illos
777 531 944 569 Manlios
971 532 1085 569 docta
1124 532 1332 570 severitate
1369 532 1509 573 iteum

179 594 221 630 iu
246 592 426 629 exsilium
452 592 601 640 pepulit
627 591 675 629 de
703 593 809 630 cass.
837 593 960 631 Parin.
981 605 1018 642 p.
1037 594 1278 644 304—310.‚
1306 591 1511 643 probatum

178 654 250 691 ivit
275 664 312 702 p.
340 653 589 703 310—319.,
623 654 665 690 in
690 657 853 703 utroque
880 657 1048 693 carmine
1076 656 1289 693 Horatiano
1323 666 1411 692 cum
1435 655 1509 693 Th.

177 715 353 752 Marcilio
387 715 679 762 intelligendum
712 728 799 753 esse
838 718 876 755 C.
904 719 1083 756 Nonium
1115 717 1381 766 Asprenatem
1406 717 1512 756 Tor-

176 782 367 827 quatum,
392 778 569 823 Augusto
596 778 937 815 familiarissimum
966 777 1141 830 (Sueten.
1170 779 1255 816 Oet.
1273 779 1333 817 43.
1353 781 1393 817 et
1410 774 1508 831 56..)

175 839 233 877 Ac
259 839 354 876 mihi
380 839 536 887 quidem
561 839 675 888 plane
701 840 896 889 persuasit
920 841 981 878 vir
1007 840 1263 879 doctissimus.

276 961 519 997 culum
544 961 673 997 vlu.
714 963 957 1011 „Donarem
993 963 1191 1009 patera-3²²
1229 963 1280 1000 ad
1320 964 1362 1000 C.
1402 963 1507 1000 Mar·

178 1023 280 1060 cium
315 1022 590 1072 Censorinum,
631 1032 709 1058 cos.
746 1033 780 1059 a.
809 1022 893 1059 746.
922 1033 1008 1059 cum
1036 1024 1077 1060 C.
1105 1023 1243 1060 Asinio
1269 1024 1403 1074 Gallo,
1443 1023 1509 1061 de-

178 1085 370 1120 mortuum
397 1095 431 1121 a.
460 1084 544 1120 755.
571 1083 613 1120 in
639 1083 746 1133 Asia,
775 1095 890 1132 quem
916 1084 1049 1131 Vellej.
1077 1084 1131 1134 2,·
1153 1084 1237 1122 102.
1265 1084 1509 1123 demetendis

177 1144 397 1181 hominibus
424 1146 595 1192 genitum
628 1147 762 1194 vocat,
799 1146 983 1194 scriptum
1010 1158 1096 1183 esse
1131 1146 1304 1196 videtur,
1340 1147 1415 1184 etsi
1440 1145 1509 1183 du-

177 1206 300 1243 bitare
327 1206 438 1256 licet,
466 1208 508 1242 ut
535 1206 726 1243 dubitavit
752 1207 922 1244 Masson.
952 1208 1016 1244 vit.
1046 1219 1082 1256 p.
1111 1208 1197 1245 365.
1247 1209 1308 1245 De
1334 1210 1509 1256 tempore

176 1267 274 1304 odae
301 1267 356 1304 nil
382 1268 496 1315 plane
522 1268 655 1316 liquet.
708 1268 867 1306 Kirchn.
903 1265 1004 1321 (tab.
1041 1265 1144 1321 chr.)
1171 1278 1257 1306 eam
1290 1267 1342 1306 ad
1367 1277 1509 1307 annum

176 1329 262 1365 743.
289 1329 443 1378 retulit,
471 1330 615 1366 Grotes.
645 1340 681 1377 p.
711 1329 796 1367 476.
824 1341 858 1367 a.
887 1330 936 1367 ad
963 1342 996 1367 a.
1026 1330 1111 1367 746.
1164 1331 1239 1381 Tu,
1266 1331 1410 1380 lector,
1435 1341 1509 1379 per

175 1389 271 1427 illud
297 1391 481 1439 temporis
508 1391 675 1439 spatium
701 1402 786 1428 eam
813 1394 936 1428 ortam
963 1403 1048 1429 esse
1066 1392 1228 1442 confide,
1256 1403 1332 1441 quo
1358 1392 1508 1440 reliqua

176 1451 290 1500 huJus
315 1453 522 1490 voluminis
546 1453 728 1490 carmina.
773 1453 951 1502 Denique
978 1466 1015 1491 v.
1042 1454 1198 1492 Passov.
1226 1455 1293 1491 vit.
1320 1456 1401 1492 not.
1420 1453 1506 1491 263.

276 1575 520 1613 camum
546 1576 632 1613 lx-
675 1578 772 1628 »ΝΘ
793 1575 898 1625 forle
923 1577 1095 1616 credam
1122 1587 1307 1626 perquam
1328 1576 1425 1614 mihi
1440 1587 1507 1614 ve-

177 1638 337 1676 risimile
364 1637 518 1675 videtur
543 1639 798 1685 compositum
824 1651 932 1688 esse,
968 1650 1054 1677 eum
1078 1640 1133 1677 Μ.
1159 1639 1314 1677 Lollius
1336 1639 1507 1677 Pauca-

174 1711 254 1738 nus
279 1699 321 1736 in
347 1700 557 1736 Germania
581 1700 822 1737 notissimam
855 1701 959 1737 illam
987 1699 1133 1738 cladem
1159 1712 1194 1737 a.
1222 1699 1307 1738 738.
1334 1699 1507 1748 accepis-

178 1763 251 1811 set,
279 1770 371 1807 ergo
397 1763 464 1797 aut
489 1760 562 1798 hoe
588 1761 674 1808 ipso
700 1764 767 1798 aut
794 1762 983 1810 sequenti.
1035 1762 1120 1800 Etsi
1161 1762 1264 1800 enim
1289 1761 1330 1799 id
1356 1763 1506 1799 tantum

176 1825 281 1860 certo
308 1822 462 1872 scimus,
490 1832 645 1859 carmen
670 1833 749 1860 non
776 1823 948 1871 potuisse
976 1824 1093 1861 scribi
1119 1826 1209 1861 ante
1236 1835 1271 1862 a.
1297 1823 1401 1873 733„
1426 1833 1505 1872 quo

175 1883 321 1922 Lollius
347 1895 425 1921 eos.
452 1884 526 1920 suit
551 1880 620 1935 (cs.
657 1885 767 1932 epist.
797 1885 840 1935 1,
867 1885 927 1922 20.
963 1882 1070 1937 fin),
1109 1887 1268 1934 propter
1305 1897 1341 1922 v,
1368 1884 1419 1922 39
1445 1894 1504 1933 sq.

176 1945 244 1982 ubi
269 1946 418 1983 animus
444 1945 528 1992 ejus
553 1957 632 1983 non
658 1957 729 1994 per
762 1957 881 1984 unum
914 1949 1064 1985 tantum
1098 1958 1242 1985 annum
1275 1946 1504 1995 dignitatem

177 2007 416 2045 consularem
457 2007 558 2046 tueri
597 2008 756 2046 dicitur:
810 2009 893 2046 fieri
936 2011 1065 2047 tamen
1102 2019 1181 2047 non
1234 2010 1364 2059 potest
1409 2007 1504 2057 quin

177 2079 312 2107 versus
337 2069 388 2106 30
412 2080 491 2117 sq.:

438 2151 489 2159 —
514 2131 601 2169 Non
627 2141 700 2179 ego
726 2134 764 2169 te
791 2131 888 2168 meis

497 2192 651 2230 Chattis
678 2193 897 2230 inornatum
924 2193 1047 2231 silebo

566 2255 684 2292 Tou-e
707 2260 797 2292 tuos
821 2254 948 2301 patiar
972 2254 1130 2291 labores

377 2315 549 2365 Impune,
576 2315 689 2364 Lolli,
717 2325 875 2363 carpere.
902 2314 1041 2351 lividas

376 2375 612 2414 Obliviones.
664 2377 734 2414 Est
761 2376 910 2413 animus
937 2376 1008 2413 tibi

490 2438 708 2487 Rei-umque
734 2437 917 2487 prudens,
945 2439 985 2474 et
1008 2438 1197 2475 totundit

566 2500 821 2547 Temporibus
845 2500 1055 2547 dubiisque
1078 2500 1217 2535 rectus.

182 2561 364 2599 historiae
390 2561 557 2610 peritum
583 2560 822 2608 eundemque
857 2571 935 2597 non
969 2570 1160 2598 morosum
1195 2558 1497 2606 conjecturarum

1583 0 1633 342 1
