1643 2959
690 199 743 207 -
786 177 961 221 104-

163 296 240 334 qua
264 286 403 337 agitur,
430 298 464 324 a.
493 287 576 323 721.
603 284 829 335 adscripsit,
865 286 955 333 quia
981 288 1153 333 tempore
1179 296 1256 323 non
1273 287 1388 324 nimis
1408 286 1484 324 dis-

157 346 293 393 juncta
318 359 404 385 esse
430 348 553 395 possit
578 357 602 382 a
628 347 746 383 satira
770 346 861 382 libri
886 346 934 382 11.
962 345 1079 381 tertia
1104 357 1138 382 a.
1157 345 1242 383 722.
1257 349 1484 397 composita,

162 409 204 445 in
229 420 305 457 qua
330 410 534 445 Maecenas
561 407 679 444 etiam
704 409 786 444 tum
821 407 862 443 in
888 406 1125 443 aedificando
1159 411 1366 456 occupatus
1401 420 1486 446 esse

163 469 313 506 dicatur
337 481 373 505 v.
400 468 485 505 312.
529 468 672 506 Doleas
700 480 807 518 sane,
835 468 939 517 quod
963 468 1023 504 vir
1048 469 1112 504 ille
1140 468 1385 507 doctissimus
1409 480 1489 507 non

162 530 330 567 firmiora
362 532 589 575 argumenta
622 532 756 567 contra
790 530 1057 575 Bentlejanam
1089 531 1280 568 rationem
1312 531 1355 567 in
1378 542 1490 568 usum

164 602 275 627 suum
301 591 502 628 convertit.
555 592 639 628 Hoc
678 593 782 628 certe
825 602 874 627 ne
914 592 1024 628 flocci
1064 592 1220 639 quidem
1258 592 1488 629 faciendum.

163 651 334 688 Primum
367 651 451 698 jam
476 652 518 689 id
555 653 694 689 falsum
733 655 812 702 est,
854 652 957 700 quod
995 653 1072 689 Sat.
1100 653 1136 701 2,
1163 654 1199 690 3.
1227 655 1316 690 ante
1343 664 1378 690 a.
1404 652 1490 690 722.

164 714 361 749 exaratam
387 724 474 757 esse
500 716 629 760 negat.
671 714 771 751 Nam
797 725 883 751 cum
909 714 1083 762 Agrippa
1103 713 1185 761 jam
1211 725 1245 751 a.
1273 714 1359 751 721.
1387 714 1491 751 aedi-

161 771 283 810 litatis
309 785 406 811 onus
432 775 532 812 ultro
560 775 773 823 susceperit
799 771 909 828 (Dio.
930 776 991 825 49,
1011 774 1109 828 43.),
1135 776 1220 824 ipse
1237 787 1373 813 versus
1392 775 1492 825 185„

89 876 93 880 .
163 833 204 870 in
231 845 307 883 quo
333 836 447 882 hujUs
473 837 532 873 rei
557 836 703 873 mentio
729 836 783 886 fit,

360 898 518 936 Scilicet
538 902 586 936 uc
606 900 799 947 plausus,
824 909 926 947 quos
948 896 1030 945 fert
1052 899 1255 948 Aqre‘ppa,
1286 896 1402 944 feras
1438 902 1492 935 ια.

165 955 278 993 docet
305 958 464 994 satiram
491 959 629 995 eodem
655 970 756 995 anno
784 961 823 994 et
849 960 1022 1007 potuisse
1059 960 1199 1009 scribi,
1236 962 1275 995 et
1311 959 1495 1006 scriptam

164 1017 372 1054 verisimile
399 1031 496 1056 esse.
551 1019 679 1062 Quare
714 1019 777 1056 vel
802 1019 857 1056 ita
885 1021 1004 1056 satira
1033 1021 1076 1069 l,
1112 1021 1147 1056 8.
1176 1020 1297 1067 priori
1330 1019 1496 1066 tempori

164 1077 396 1124 assignanda
421 1081 549 1116 fuerit.
593 1080 746 1117 Deinde
773 1092 1005 1129 quamquam
1032 1081 1193 1118 concedi
1219 1083 1362 1130 potest,
1389 1080 1496 1116 Mae-

165 1140 339 1176 cenatem
374 1140 415 1176 in
449 1141 698 1178 aedificandis
739 1143 864 1180 horte’s
897 1144 1120 1192 Esquilinis
1152 1143 1235 1178 tum
1269 1144 1497 1190 occupatum

164 1199 282 1237 fuisse
310 1201 517 1248 significari
543 1203 620 1240 Sat.
649 1202 693 1251 2,
721 1203 756 1239 3.
784 1203 858 1240 308
885 1214 964 1251 sq.:

697 1264 863 1312 Accipe:
891 1265 1059 1313 primum

362 1325 570 1375 Aedificas,
597 1325 671 1362 hoc
697 1327 778 1374 est,
806 1327 947 1373 longos
971 1325 1136 1362 imitaris
1164 1325 1211 1362 ab
1238 1325 1315 1361 imo

362 1386 427 1424 Ad
454 1397 645 1422 summum
671 1388 775 1422 totus
802 1386 947 1423 moduli
974 1386 1180 1434 bipedalis.

164 1442 254 1498 (ubi
279 1446 417 1485 Acron
442 1448 663 1484 annotavit.-
700 1448 784 1484 Hoc
811 1449 971 1495 propter
997 1448 1287 1497 Maecenatem,
1315 1448 1380 1496 qui
1407 1450 1498 1485 tune

165 1507 298 1544 hortos
325 1508 555 1546 aedificabat
580 1504 777 1559 magnos.)
806 1511 846 1544 et
872 1521 907 1545 v.
937 1509 1046 1546 312.:

365 1568 452 1619 An,
485 1571 756 1618 quodcunque
778 1566 881 1614 facit
904 1571 1126 1607 Maecenas
1130 1570 1154 1619 ,²
1178 1575 1216 1608 te
1239 1581 1399 1619 quoque
1425 1582 1497 1609 ve-

900 1641 994 1667 rum
1020 1635 1088 1668 est.
1116 1649 1167 1658 —-

167 1692 329 1739 apparet
354 1693 484 1728 tamen
508 1691 609 1727 hanc
644 1691 1019 1737 argumentationem
1054 1691 1174 1728 debili
1207 1692 1415 1729 admodum
1440 1693 1498 1729 in-

166 1752 240 1788 niti
266 1752 526 1789 fundamento.
578 1752 679 1789 Nam
706 1752 843 1788 eodem
864 1752 952 1798 jure
982 1752 1029 1788 de
1057 1753 1192 1800 quavis
1220 1754 1297 1790 alia
1323 1754 1497 1791 aedifica-

166 1812 272 1849 tione
299 1813 540 1860 cogitaveris.
594 1813 644 1849 Et
671 1813 824 1860 quando
860 1813 1016 1849 tandem
1043 1814 1250 1850 Maecenas
1284 1826 1355 1862 per
1379 1815 1500 1852 vitam

168 1873 370 1911 aedificare
398 1873 577 1911 desierit!
602 1895 653 1901 —-
678 1875 858 1922 Denique
892 1874 994 1910 inter
1027 1876 1161 1912 hortos
1195 1875 1433 1913 Maecenatis
1460 1879 1500 1913 et

166 1938 320 1972 turrem
353 1935 667 1982 distinguendum
701 1937 760 1972 est
779 1934 829 1987 ⁸).
881 1935 972 1972 Illos
1007 1936 1164 1983 quidem
1198 1940 1500 1974 consentaneum

169 1996 229 2032 est
254 1995 361 2043 prius
388 1996 595 2033 adornatos
621 1997 741 2033 fuisse
776 2007 891 2044 quam
918 1998 1013 2034 haec
1048 2000 1325 2035 exstrueretur.
1377 1999 1499 2047 Atqui

168 2055 210 2092 in
237 2056 357 2094 satira
392 2057 434 2107 l,
470 2057 505 2093 8.
541 2057 806 2094 tantummodo
840 2059 943 2097 Ιιοντι·
977 2062 1072 2097 nom·
1104 2055 1161 2112 (v,
1191 2056 1273 2110 7.),
1309 2060 1413 2106 iique
1448 2070 1498 2095 ne

170 2116 283 2164 plane
311 2118 474 2155 confecti
500 2119 657 2167 quidem
683 2122 1050 2169 commemorantur,
1084 2130 1162 2156 non
1187 2124 1318 2156 autem
1343 2120 1498 2157 condita

170 2176 317 2214 domus.
372 2180 515 2217 Contra
547 2180 588 2216 in
615 2180 691 2217 Sat.
721 2180 765 2229 2,
793 2181 828 2217 3.
857 2180 941 2217 312.
979 2191 1066 2217 eum
1100 2180 1347 2218 cohaerentia
1381 2181 1496 2231 cogit,

259 2376 298 2417 8)
321 2376 373 2407 Cf.
397 2375 449 2407 od.
473 2377 505 2413 3,
529 2375 582 2409 29.
607 2377 640 2409 6.
663 2392 706 2398 --
738 2376 889 2407 Meibom.
922 2376 982 2407 vit.
1005 2377 1150 2408 Maecen.
1174 2388 1202 2409 c.
1226 2377 1283 2409 28.
1306 2387 1336 2417 p.
1360 2376 1424 2409 172
1447 2388 1496 2418 sq.

172 2423 205 2451 et
227 2421 313 2451 locos
337 2430 415 2461 quos
438 2419 583 2451 laudavit
605 2421 678 2452 hos:
703 2421 837 2452 Sueten.
863 2421 937 2452 Oct.
961 2421 1015 2454 72.
1040 2421 1151 2453 Tiber.
1183 2422 1238 2453 15.
1262 2422 1375 2452 Senec.
1401 2423 1494 2462 epist.

173 2464 248 2497 114.
270 2465 417 2506 Propert.
442 2464 473 2502 4,
496 2465 530 2496 ὃ.
553 2464 585 2495 1.
608 2483 651 2488 —
676 2466 810 2496 Passov.
834 2475 866 2505 p.
890 2465 977 2495 LXI.
1010 2470 1076 2497 not.
1100 2466 1176 2498 166.
1206 2465 1290 2496 unde
1314 2467 1494 2506 sumpserit,

173 2508 386 2550 Esquiliarum
408 2511 511 2540 locum
545 2517 627 2539 anno
651 2518 682 2539 u.
706 2519 733 2539 c.
757 2509 833 2540 713.
869 2510 1050 2541 Maecenati
1075 2511 1116 2541 ab
1139 2510 1319 2541 Octaviano
1336 2510 1418 2542 dono
1435 2510 1494 2542 da—

174 2556 240 2585 tum
264 2563 345 2593 csse,
369 2564 420 2586 me
443 2553 535 2594 fugit.
559 2570 603 2576 -—
627 2563 656 2585 v.
681 2552 802 2585 Wcich.
826 2553 867 2585 de
891 2553 966 2584 Var.
993 2557 1025 2585 et
1049 2554 1140 2586 Cass.
1166 2564 1195 2597 p.
1221 2554 1273 2587 48.
1298 2554 1329 2595 ξ.
1354 2556 1384 2587 9.
