1643 2959
706 227 991 269 *112—

187 339 252 378 καὶ
277 338 495 391 στεφάνους
520 336 583 373 καὶ
611 333 834 385 ἱερομηνίας
860 332 1034 380 πολλάς,
1064 334 1129 371 καῖ
1155 332 1265 385 αὐτῷ
1288 335 1353 373 καῖ
1386 335 1510 387 ἕτερα,

186 402 252 439 καῖ
277 397 447 439 ἐπινίκια
473 396 527 443 ὥς
559 397 625 433 καὶ
657 396 736 434 τῶν
769 394 1010 444 Αἰγυπτίων
1045 393 1206 444 ἀγαγεῖν
1239 392 1393 435 ἔδοσαν.
1427 394 1511 434 τὸν

186 459 279 514 γὰρ
308 460 575 500 ’Λντώνιον
608 457 689 494 καὶ
722 453 838 503 τούς
872 454 1056 502 ἄλλους
1086 455 1365 505 ζΡωμαιόυς
1397 454 1513 502 τοὺς
1572 464 1575 467 ’

188 522 274 562 σὺν
307 519 476 571 ἐκείνῳ
510 518 810 567 νικηθέντας
837 515 949 555 οὔτε
974 516 1221 569 πρότερον
1247 515 1359 554 οὔτε
1385 518 1512 567 τότε,

187 583 249 630 ὥς
283 584 364 620 καῖ
397 579 657 634 ἑορτάζειν
691 579 823 631 σφᾶς
857 575 923 616 ἐπ’
950 578 1123 625 αὐτοῖς
1159 575 1271 616 δέον
1298 577 1370 624 ὃν,
1397 577 1515 616 ὠνό-

185 654 363 694 μασαν.
389 666 440 672 -—

286 707 348 743 Ex
380 706 441 743 his
471 705 553 751 jam
586 703 752 750 intelligi
786 703 974 752 arbitror,
1015 702 1174 739 satiram
1208 713 1241 738 a.
1277 700 1363 738 724.
1399 700 1516 738 scribi

183 769 371 816 potuisse.
440 767 624 815 Superest
657 767 701 801 ut
732 775 870 801 revera
904 775 990 801 eam
1032 763 1105 800 hoc
1140 775 1173 800 a.
1212 763 1396 812 scriptam
1430 772 1516 798 esse

187 830 358 867 doceam.

292 893 463 930 Primum
488 890 606 937 igItur
630 889 765 937 nequit
791 888 918 937 priore
936 890 1132 936 tempore,
1161 886 1264 935 quod
1283 885 1518 923 Octavianus

188 960 279 996 ante
306 967 340 993 a.
368 954 454 990 724.
490 964 554 988 res
584 950 783 988 Parthicas
819 949 990 985 nondum
1025 949 1217 994 tetigerat.
1279 948 1361 984 Nec
1385 947 1521 984 invicti

187 1018 342 1056 nomine
369 1028 405 1052 v.
436 1013 495 1050 11.
532 1014 621 1049 ante
655 1010 784 1058 potuit
818 1011 948 1046 ornari
983 1021 1098 1058 quam
1122 1008 1316 1046 Antonius
1344 1010 1383 1044 et
1410 1008 1519 1045 Cleo-

189 1082 301 1129 patra
328 1076 472 1114 devicti
499 1076 539 1110 et
565 1072 749 1110 exstincti
776 1073 918 1108 essent.

287 1137 440 1178 Deinde
468 1135 587 1172 satira
612 1144 692 1170 non
716 1135 846 1181 potest
880 1135 970 1180 post
1005 1144 1039 1169 a.
1067 1132 1152 1168 724.
1181 1131 1395 1180 composita
1421 1141 1520 1167 esse.

188 1205 290 1242 Nam
325 1211 412 1237 cum
446 1208 546 1234 anno
581 1195 756 1244 proxime
800 1196 988 1241 sequente
1031 1196 1112 1229 tam
1144 1193 1266 1229 multa
1308 1192 1522 1241 evenerint,

189 1275 289 1314 quae
317 1264 357 1298 et
381 1260 518 1296 notatu
545 1256 773 1303 dignissima
799 1257 839 1291 et
864 1255 941 1303 ipsi
969 1254 1182 1291 Octaviano
1210 1264 1358 1290 summo
1384 1252 1523 1290 honori

191 1329 231 1364 et
264 1323 371 1362 laudi
406 1321 559 1368 essent,
595 1318 682 1365 quis
718 1319 798 1366 est,
834 1316 903 1364 qui
936 1316 1145 1353 verisimile
1182 1315 1286 1352 dicat
1320 1315 1524 1351 Horatium

191 1388 288 1424 haee
315 1383 465 1431 onmia,
494 1390 657 1428 quorum
683 1377 1047 1414 commemoratione
1076 1377 1248 1413 debitam
1267 1387 1375 1413 suam
1392 1375 1524 1412 obser-

191 1447 364 1485 vantiam
389 1440 615 1490 imperatori
636 1440 741 1486 juste
769 1441 904 1487 posset
931 1438 1129 1487 attestari,
1166 1438 1228 1475 vel
1259 1437 1306 1474 de
1333 1436 1525 1473 industria

191 1510 255 1547 vel
281 1518 372 1545 casu
398 1504 530 1542 nescio
550 1512 625 1550 quo
651 1501 841 1550 tacuisse,
870 1505 908 1538 ec
930 1504 1016 1537 tam
1041 1501 1217 1538 tacuisse
1234 1510 1326 1537 cum
1345 1499 1526 1536 consulto

193 1573 442 1609 laudaturus
469 1569 570 1603 esset
595 1563 877 1601 Octavianum.
929 1562 1018 1598 Non
1053 1571 1145 1597 sane
1172 1562 1322 1597 tantam
1348 1559 1526 1596 diffusam

194 1633 313 1669 fuisse
343 1629 464 1679 „imis
498 1627 738 1663 oblivionem
771 1623 982 1660 sensibus»
1007 1621 1160 1658 Horatii
1189 1620 1440 1670 crediderim,
1467 1622 1525 1670 ut,

194 1703 293 1741 quae
319 1688 552 1736 interpretes
579 1685 688 1721 obliti
717 1686 806 1719 sunt
831 1685 920 1731 post
945 1683 1098 1729 longam
1123 1683 1257 1730 utique
1286 1682 1527 1718 saeculorum

196 1753 357 1801 seriem,
385 1761 431 1786 ea
444 1749 529 1796 ipse
556 1746 672 1783 fuerit
690 1745 832 1781 oblitus
859 1747 948 1793 post
965 1755 1084 1780 unum
1102 1743 1247 1780 duosve
1262 1753 1396 1780 annos.
1447 1742 1526 1780 Fac

195 1815 334 1862 igitur,
361 1813 461 1848 hanc
488 1808 645 1845 satiram
680 1818 712 1843 a.
750 1806 834 1842 725.
870 1807 933 1842 vel
966 1805 1181 1854 posteriore
1209 1804 1327 1841 etiam
1352 1806 1527 1852 tempore

196 1876 396 1912 exaratam
430 1881 529 1908 esse.
591 1868 667 1912 Qui
701 1867 857 1904 tandem
892 1869 1035 1904 factum
1069 1867 1205 1916 fuerit,
1240 1868 1283 1902 ut
1318 1875 1528 1917 „vacuum

197 1938 342 1975 duellis
375 1935 536 1971 Janum
570 1929 808 1975 Quirinum⁷'
843 1941 878 1965 a.
906 1929 991 1965 725.
1029 1928 1201 1965 clausum
1229 1925 1332 1978 (Dio
1367 1927 1436 1977 51,
1464 1927 1526 1963 20.

197 1998 329 2045 ibique
364 1995 524 2042 interpr.
561 1992 620 2028 ed.
659 1992 779 2028 Sturz.
816 1991 889 2027 vol.
925 1991 989 2028 VI.
1017 2001 1055 2039 p.
1083 1990 1143 2027 24.
1171 1991 1250 2026 not.
1281 1989 1363 2026 154.
1391 1987 1525 2034 Vellej.

198 2060 236 2109 2,
263 2057 323 2094 38.
341 2056 425 2093 Liv.
455 2055 492 2104 1,
522 2052 605 2107 19.)
630 2064 679 2089 ne
706 2053 826 2089 verbo
844 2052 1001 2100 quidem
1020 2051 1389 2100 commemoraverit,
1416 2060 1526 2098 prae-

200 2120 334 2157 sertim
360 2127 447 2154 cum
473 2126 520 2152 ea
546 2115 594 2151 de
620 2126 662 2151 re
690 2114 925 2151 Octavianus
961 2114 1132 2150 omnium
1165 2113 1332 2149 maxime
1359 2110 1526 2147 exsulta-

198 2178 285 2218 ret‘l
338 2175 437 2232 (Dio
462 2177 487 2212 l.
515 2176 539 2212 l.
575 2174 760 2212 πλεῖστον
795 2171 832 2212 δ)
866 2173 976 2224 ὅμως
1011 2173 1111 2224 ὑπὲρ
1153 2174 1281 2210 πάντα
1315 2168 1365 2209 τοὶ
1397 2179 1529 2222 ψηφι-

201 2241 352 2279 σθέντα
378 2237 417 2276 οἳ
442 2235 673 2289 ὑπερήσθη,
702 2233 766 2273 ὅτι
791 2235 862 2282 τάς
888 2248 929 2273 τε
954 2234 1082 2280 πύλας
1108 2231 1178 2280 τὰς
1204 2233 1275 2271 τοῦ
1301 2231 1447 2278 Ἰανοῦ,
1474 2229 1528 2278 ὥς

201 2303 267 2340 καῖ
292 2300 453 2338 πάντων
471 2301 586 2350 σφίσι
603 2298 681 2336 τῶν
697 2297 880 2345 πολέμων
897 2297 1161 2344 πεπαυμένων
1171 2293 1305 2340 αὐτοῖς
1315 2291 1527 2345 ἔκλεισαν.)

203 2364 281 2408 Qui
320 2361 477 2399 tandem
494 2362 635 2398 factum
661 2360 797 2409 fuerit,
824 2361 867 2395 ut
894 2357 1249 2407 splendidissimum
1274 2355 1526 2404 triumphum,

204 2435 320 2474 quem
336 2422 569 2460 Octavianus
588 2433 622 2458 a.
643 2422 677 2458 d.
696 2421 798 2458 VIII.
817 2420 899 2458 VII.
921 2422 961 2456 et
976 2419 1040 2457 VI.
1058 2419 1115 2456 Id.
1137 2417 1269 2455 Sextil.
1289 2427 1323 2454 a.
1347 2416 1431 2452 725.
1446 2416 1526 2462 egit

205 2483 304 2537 (Dio
332 2485 437 2522 Cass.
465 2483 535 2532 51,
562 2483 622 2519 21.
650 2483 809 2530 interpr.
846 2481 907 2518 ed.
943 2482 1037 2518 Strz.
1074 2480 1147 2516 vol.
1174 2478 1236 2516 VI.
1265 2489 1302 2526 p.
1329 2477 1389 2513 27.
1417 2477 1524 2514 Serv.

206 2547 255 2584 ad
280 2547 384 2593 Virg.
403 2546 500 2582 Aen.
516 2544 552 2594 8,
570 2544 655 2580 714.
685 2544 838 2580 Sueten.
867 2542 951 2579 Oct.
980 2541 1040 2577 22.
1068 2541 1151 2577 Liv.
1181 2539 1271 2588 epit.
1301 2538 1384 2575 133.
1413 2538 1524 2575 Oros.

206 2608 244 2657 6,
279 2608 338 2646 20.
374 2605 543 2646 Maerob.
580 2605 657 2643 Sat.
695 2604 738 2655 l,
778 2599 889 2655 12.),
933 2602 1040 2650 eujus
1076 2600 1283 2639 celebratio
1312 2600 1394 2647 ¹iam
1427 2598 1524 2647 ipsis
