1643 2959
754 192 1030 232 —226—

234 303 388 349 egregie
404 301 681 338 ratiocinantur
697 298 773 335 ita:
799 299 982 336 Horatius
999 300 1022 336 J
1024 309 1140 335 anum
1163 302 1322 337 tertium
1337 301 1557 337 obseratum

233 364 296 400 hie
321 363 506 410 respexit.
558 360 678 408 Atqui
703 361 824 396 Janus
851 361 899 397 ab
935 362 1110 406 Augusto
1140 360 1298 396 tertium
1323 361 1472 398 clausus
1498 364 1558 398 est

233 436 334 462 anno
361 436 397 460 u.
424 434 454 459 c.
482 422 566 458 744.
602 421 663 469 (ut
688 422 893 470 probatum
927 422 998 457 lvit
1032 422 1200 457 Masson.
1251 421 1341 457 Jani
1365 423 1494 471 templ.
1519 433 1557 470 p.

233 487 366 535 2082)
418 485 520 529 Ergo
548 494 703 519 carmen
730 495 800 520 ser.
828 495 861 519 a.
890 483 974 520 744.
1028 483 1145 528 Cujus
1172 481 1427 519 conclusionis
1444 494 1558 531 quam

234 557 353 595 prava
380 545 457 581 sint
485 545 635 590 singula
661 544 844 593 membra,
872 556 951 581 non
975 547 1014 580 te
1041 544 1185 593 fugiet,
1221 545 1394 581 candide
1425 543 1558 594 lector,

236 609 268 644 si
295 608 391 644 haec
418 617 567 642 mecum
593 607 855 654 reputaveris:

331 730 372 779 a)
399 728 571 765 Pessime
598 729 787 765 affirmant
813 729 862 765 ab
889 729 1050 766 Horatio
1077 730 1217 767 Janum
1251 730 1364 766 tertio
1389 727 1559 764 clausum

232 791 384 839 respici.
438 790 555 836 Cujus
582 790 640 826 rei
665 801 714 825 ne
741 790 826 826 leve
863 790 1019 837 quidem
1051 790 1260 836 vestigium
1292 788 1422 825 verbis
1448 789 1560 826 inest.

231 854 352 889 Immo
387 863 473 888 cum
513 862 559 887 eo
595 854 788 899 tempore,
825 861 900 898 quo
935 851 1006 887 hoc
1042 861 1197 887 carmen
1240 850 1330 886 stilo
1369 850 1561 896 signatum

232 926 317 950 esse
343 912 551 949 verisimile
578 914 650 960 est,
677 913 798 948 Janus
826 912 874 947 ab
909 913 1085 956 Augusto
1106 912 1186 957 jam
1221 912 1281 948 bis
1317 911 1368 959 (a.
1404 911 1487 950 725.
1522 914 1562 947 et

232 969 338 1026 729.)
365 974 517 1009 clausus
544 973 666 1007 esset:
703 974 771 1006 aut
797 971 907 1006 fallor
933 974 999 1006 aut
1026 971 1112 1017 ipsa
1138 972 1276 1021 verba,
1302 973 1442 1019 quibus
1467 984 1561 1009 usus

232 1038 290 1072 est
315 1037 444 1083 poeta,
1327 1035 1330 1038 ’

766 1094 866 1141 Tua,
897 1094 1052 1143 Caesar,
1083 1099 1196 1132 aetas

427 1157 574 1203 Fruges
602 1156 641 1192 et
667 1156 770 1201 agris
796 1154 928 1191 retulit
955 1155 1108 1204 uberes,

428 1218 477 1254 Et
503 1217 613 1262 signa
639 1219 771 1252 nostro
797 1217 967 1252 restituit
993 1216 1096 1265 Jovi,

494 1279 667 1325 Derepta
694 1278 922 1313 Parthorum
950 1277 1129 1325 superbis

561 1339 755 1387 Postibus,
784 1344 821 1376 et
846 1351 1021 1376 vacuum
1048 1341 1192 1376 duellis

426 1402 584 1437 Janum
611 1401 768 1445 Quirini
795 1402 951 1449 clausit.
979 1403 1017 1436 et
1044 1400 1219 1437 ordinem

427 1462 589 1498 Rectum
616 1462 795 1507 evaganti
822 1462 930 1497 frena
958 1461 1155 1498 Licentiae

493 1524 643 1572 1njeeit,
673 1524 890 1570 emovitque
918 1523 1064 1572 culpas,

560 1586 611 1621 Et
638 1587 789 1621 veteres
815 1585 1012 1621 revocavit
1039 1586 1154 1620 artes.
1181 1603 1232 1610 —-

228 1646 440 1682 luculenter
477 1645 687 1682 ostendunt
729 1645 776 1681 ab
811 1646 972 1682 Horatio
1009 1645 1263 1691 significatum
1298 1655 1383 1681 esse
1416 1647 1557 1682 Janum

227 1707 408 1754 Auyuslo
441 1709 666 1753 imperante
699 1706 932 1742 obseratum.
994 1708 1080 1744 Non
1116 1706 1232 1752 igitur
1268 1708 1413 1743 certum
1439 1717 1558 1754 quen·

229 1768 316 1804 dam
335 1778 477 1803 annum
494 1767 679 1815 respexit,
699 1777 774 1814 quo
788 1769 909 1804 Janus
929 1768 1108 1816 primum)
1126 1766 1336 1803 seeundum
1353 1768 1557 1804 tertiumve

228 1829 381 1866 clausus
408 1828 537 1877 suerit,
565 1827 631 1864 sed
659 1828 868 1875 praecipua
894 1830 1060 1875 Augusti
1087 1828 1233 1877 pacifici
1261 1828 1410 1878 merita,
1439 1829 1558 1866 hono-

227 1901 304 1940 res,
330 1892 556 1927 ornamenta
583 1891 876 1925 enumeraturus
902 1890 1003 1926 inter
1029 1891 1103 1927 alia
1136 1891 1225 1927 Jani
1260 1901 1411 1939 quoque
1438 1890 1557 1927 clausi

221 1951 326 1997 juste
354 1952 567 1998 meritoque
596 1951 780 1986 meminit.
835 1951 963 1992 Quare
998 1952 1204 1998 pessimam
1240 1952 1337 1989 hanc
1371 1951 1556 2000 temporis

226 2014 357 2048 notam
384 2012 521 2061 habeo,
550 2023 599 2048 ex
616 2022 692 2060 qua
719 2011 758 2048 id
777 2015 924 2048 tantum
944 2012 1083 2062 discas,
1112 2023 1266 2050 carmen
1293 2015 1382 2062 post
1407 2024 1441 2050 a.
1471 2012 1552 2049 725.

227 2076 425 2110 exaratum
452 2085 549 2110 esso.

325 2194 372 2250 b)
400 2197 476 2235 Sed
516 2198 575 2234 sac
609 2197 811 2235 Horatium
845 2198 944 2235 Jano
979 2198 1137 2235 tertium
1179 2196 1307 2233 clauso
1351 2197 1552 2245 scripsisse

226 2255 351 2293 odam.
404 2257 514 2295 Unde
541 2257 698 2295 tandem
723 2258 763 2294 id
790 2270 823 2295 a.
852 2259 937 2295 744.
966 2260 1107 2295 sactum
1133 2268 1219 2294 esse
1246 2255 1414 2294 norunt‘ss
1439 2258 1551 2296 Unde

224 2316 381 2354 tandein
398 2318 616 2368 Massonus,
644 2330 720 2367 quo
738 2319 787 2356 ad
805 2330 923 2355 unum
939 2329 1072 2355 omnes
1098 2319 1326 2367 imiituntur,
1352 2317 1393 2355 id
1417 2315 1552 2355 novit?

224 2377 344 2414 Paulo
376 2378 491 2415 altius
526 2391 609 2416 rem
642 2382 861 2428 repetamus
894 2391 1055 2417 necesse
1090 2381 1162 2417 est.
1221 2380 1362 2416 Janum
1395 2378 1444 2416 ab
1470 2379 1550 2416 Au·

224 2441 337 2485 gusto
362 2443 422 2477 ter
445 2440 564 2477 fuisse
592 2441 762 2478 clausum
788 2441 946 2478 tradunt
969 2441 1130 2479 Sueten.
1167 2441 1266 2487 Aug.
1293 2439 1355 2477 22.
1383 2441 1421 2476 et
1435 2439 1548 2478 Oros.

222 2500 260 2549 6,
286 2499 346 2536 20.
384 2502 498 2548 atque
526 2501 651 2547 colligi
686 2504 817 2549 potest
842 2514 892 2539 ex
917 2502 1046 2539 verbis
1073 2503 1219 2550 Taciti,
1253 2511 1351 2549 quae
1379 2499 1550 2537 servavit

223 2562 381 2598 Orosius
411 2562 446 2611 7,
473 2562 530 2598 3.:
559 2562 760 2612 „Deinde‚
796 2565 838 2598 ut
873 2563 1001 2600 verbis
1039 2562 1206 2600 Cornelii
1240 2561 1365 2600 Taciti
1398 2560 1546 2610 loquar,
