1679 2948
240 290 374 326 tasset.
434 287 515 325 Nec
549 285 754 322 Maecenas
789 285 900 321 facile
934 287 1066 321 notam
1100 283 1204 334 ejus,
1240 295 1353 332 quem
1387 296 1459 322 usu
1495 296 1564 322 suo

237 360 317 386 non
342 349 397 385 ita
423 347 573 396 pridem
600 345 777 391 dignatus
805 347 901 394 erat,
929 355 1052 393 aequo
1079 344 1206 380 animo
1232 345 1395 383 tulisset.
1423 347 1565 389 Quem·

240 409 445 446 admodum
471 407 588 453 igitur
613 405 816 442 Horatium
849 408 1056 454 propterea
1090 405 1162 442 hoc
1196 405 1379 453 probrum
1411 408 1564 446 Maece-

238 470 321 507 nati
347 468 522 506 intulisse
549 467 683 515 utique
718 467 966 503 statuendum
1000 469 1081 517 est,
1116 468 1160 502 ut
1194 478 1286 503 vere
1319 466 1492 503 laederet
1527 470 1566 504 et

238 531 428 579 pungeret
454 539 563 578 eum,
597 528 654 564 ita
681 528 849 565 dubitari
875 528 1009 575 nequit
1036 529 1129 576 quin
1155 529 1195 564 et
1221 538 1266 563 eo
1293 530 1466 575 tempore
1492 529 1566 565 hoc

238 590 394 639 fecerit,
423 600 498 637 quo
524 588 696 625 nondum
721 589 777 625 illi
803 590 1045 639 innotuerat,
1074 591 1114 625 et
1140 589 1373 635 singularem
1397 588 1566 625 ludifica-

238 651 356 687 tionis
383 650 563 687 habuerit
589 661 774 686 caussam.
827 651 934 687 Haec
961 653 1090 686 autem
1116 661 1213 698 quae
1251 650 1451 698 qualisque
1485 651 1567 686 fue-

237 712 302 761 rit,
329 722 407 748 non
435 711 586 748 difficile
614 713 675 747 est
700 714 918 759 perspectu,
948 712 1092 748 Oderat
1120 713 1158 747 et
1185 711 1436 747 aversabatur
1461 711 1576 746 Mae-v

239 774 428 821 cenatem,
456 774 499 808 ut
526 773 591 820 qui
617 773 848 820 praecipuus
876 773 1044 820 potentis
1072 772 1262 809 triumviri
1281 771 1435 818 adjutor
1452 773 1566 807 esset.

237 834 350 871 Hunc
376 834 494 879 igitur
518 834 666 881 pariter
698 836 812 881 atque
852 834 969 882 alios,
1011 834 1076 881 qui
1115 845 1138 869 a
1179 833 1353 870 Caesaris
1393 832 1569 880 partibus

241 894 415 943 stabant,
454 895 532 930 sale
561 906 630 930 suo
658 894 869 941 perfricuit.
922 894 982 930 Ita
1008 895 1049 930 in
1075 894 1146 930 hac
1173 894 1259 941 ipsa
1286 894 1405 930 satira
1439 894 1569 929 statim

240 955 289 992 ab
316 955 448 991 initio:
476 956 528 991 M.
558 957 765 1003 Tiyelliam
792 951 861 1006 (de
890 965 964 1002 quo
991 966 1027 990 v.
1054 955 1264 990 Weichert.
1293 966 1329 1002 p.
1357 966 1388 990 r.
1416 965 1454 1001 p.
1481 954 1567 989 297.

238 1016 395 1052 Kirchn.
433 1018 580 1063 quaest.
618 1027 654 1063 p.
683 1015 730 1051 42
766 1027 822 1062 sq.
860 1016 1008 1051 Acron:
1043 1015 1212 1051 musicus
1246 1015 1503 1062 peritissimus
1530 1016 1570 1050 et

238 1076 345 1113 vocis
373 1076 559 1126 eximiae,
598 1078 638 1113 C.
669 1076 825 1112 Caesari
852 1076 1030 1113 dictatori
1066 1079 1105 1112 et
1138 1078 1227 1124 post
1255 1076 1481 1123 Cleopatrae
1508 1086 1569 1111 ac-

240 1137 506 1186 ceptissimus,
534 1138 710 1183 Augusto
738 1148 889 1185 quoque
919 1137 1075 1174 Caesari
1110 1136 1376 1173 amicissimus.
1430 1135 1571 1172 Simili-

238 1198 300 1233 ter
325 1198 465 1245 Porph.
495 1200 533 1233 et
560 1198 684 1234 Schol.
715 1199 828 1245 Cruq.
858 1200 903 1234 cf.
932 1199 1010 1234 Sat.
1040 1198 1074 1246 l,
1102 1198 1137 1233 3.
1167 1193 1239 1249 4.)‚
1265 1209 1302 1233 v.
1331 1197 1390 1233 36.
1421 1198 1461 1234 C.
1495 1197 1570 1234 Cu-

236 1260 447 1306 piennium
472 1259 667 1296 Libonem
693 1255 980 1308 („Cumanum,
1015 1259 1182 1304 Augusti
1209 1258 1468 1294 familiaritate
1496 1257 1571 1293 cla-

239 1319 354 1356 rum“
383 1321 478 1356 caet.
507 1315 742 1369 Porphyr.),
779 1332 815 1355 v.
845 1320 904 1356 48.
932 1321 1171 1357 Sallustium
1207 1314 1275 1368 (cf.
1304 1318 1502 1354 Heindorf.
1531 1329 1569 1366 p.

240 1380 301 1417 41.
329 1380 435 1428 Lips.
471 1380 520 1417 ad
546 1381 636 1417 Tac.
664 1381 765 1417 Ann.
796 1381 839 1430 l,
866 1377 925 1433 6.)
969 1383 1008 1416 et
1051 1381 1213 1416 eandem
1247 1380 1296 1416 ob
1331 1389 1507 1415 caussam
1531 1390 1568 1414 v.

239 1441 301 1477 27.
331 1453 380 1477 ex
405 1441 619 1477 Weicherti
654 1441 875 1487 conjectura
910 1438 1034 1494 (poet.
1062 1441 1129 1477 rel.
1167 1451 1204 1488 p.
1233 1436 1341 1493 429.)
1375 1439 1570 1485 Rufillam

240 1504 280 1539 et
308 1493 572 1551 Garyonz'bm.
607 1503 688 1537 Hos
714 1513 807 1538 vero
834 1514 966 1538 omnes
993 1514 1079 1538 cum
1107 1502 1250 1537 directe
1277 1501 1465 1546 castigare
1492 1511 1571 1537 non

239 1563 385 1599 veritus
413 1564 485 1611 sit,
512 1573 590 1598 non
617 1563 751 1599 dubito
778 1563 872 1609 quin
898 1562 1161 1598 idemfecerit
1187 1562 1228 1597 in
1254 1562 1491 1598 Maecenatis
1518 1563 1569 1599 ir-

238 1623 394 1660 risione.
448 1624 582 1671 ltaque
609 1623 651 1658 in
677 1634 723 1658 ea
750 1634 833 1658 sum
861 1623 1065 1671 sententia,
1093 1624 1136 1657 ut
1163 1623 1290 1670 ipsum
1316 1624 1566 1662 Maecenatis

239 1695 382 1720 nomen
423 1686 504 1720 tum
539 1694 625 1720 cum
659 1686 954 1731 componeretur
989 1684 1114 1720 Satira
1156 1683 1197 1718 'm
1239 1694 1354 1719 versu
1381 1683 1440 1719 25.
1470 1684 1569 1720 scri-

240 1747 363 1794 ptum,
381 1747 518 1792 postea
535 1747 676 1794 autem,
696 1756 782 1781 cum
799 1747 914 1792 poeta
935 1745 1017 1790 jam
1044 1744 1277 1780 innotuisset
1304 1744 1341 1779 ei
1368 1746 1407 1779 et
1425 1744 1568 1781 benefi-

241 1806 300 1843 cio
345 1806 544 1853 officioque
589 1805 795 1842 obstrictus
840 1808 963 1855 esset,
1003 1806 1199 1842 Malcltz'm‘
1236 1805 1390 1840 nomine
1431 1805 1567 1842 callide

239 1867 327 1903 ficto
354 1869 627 1904 commutatum
654 1878 739 1903 esse
768 1867 903 1903 dicam.
956 1866 1016 1902 Ita
1041 1866 1173 1902 tenuia
1200 1868 1349 1902 tantum
1376 1867 1467 1902 salsi
1487 1866 1569 1913 joci

239 1928 404 1974 vestigia
430 1928 701 1977 remanebant,
739 1939 836 1976 quae
864 1927 1015 1963 etiamsi
1050 1927 1248 1975 permultis
1286 1929 1346 1963 sat
1379 1927 1493 1975 plana
1528 1930 1569 1965 et

242 1988 486 2036 explicabilia
513 1991 655 2038 essent,
682 2010 732 2016 ——
758 1991 801 2025 ut
827 2000 875 2025 ne
901 2000 972 2025 nos
1000 1989 1155 2036 quidem
1172 1988 1293 2024 latent
1318 2009 1369 2016 —
1393 1989 1566 2026 tunicato

241 2051 372 2085 tamen
396 2050 548 2097 popello
584 2049 747 2087 obscura
781 2052 935 2086 fuerunt
970 2052 1008 2085 et
1042 2050 1238 2098 perplexa.
1290 2050 1418 2096 Atque
1445 2050 1500 2085 ita
1528 2052 1567 2086 et

239 2107 424 2147 Horatius
460 2111 566 2146 salvo
600 2110 746 2157 pudore
782 2123 827 2147 ac
861 2111 1016 2159 pietatis
1051 2111 1174 2146 officio
1210 2110 1377 2146 servavit
1411 2121 1567 2147 versum

242 2181 329 2207 cum
355 2171 487 2207 ederet
512 2172 672 2221 librum,
701 2174 740 2207 et
765 2170 970 2207 Maecenas
998 2171 1103 2206 salva
1137 2172 1238 2206 fama
1264 2181 1352 2206 eum
1378 2181 1456 2206 non
1482 2172 1565 2208 tolli

243 2231 313 2267 sed
338 2233 477 2269 mutari
511 2235 660 2274 tantum
693 2232 774 2280 pati
808 2232 944 2280 potuit.
972 2252 1023 2260 --
1050 2231 1305 2278 Caeteroquin
1330 2232 1564 2269 Kirchnerus

241 2291 283 2328 in
309 2295 455 2339 quaest.
483 2305 520 2341 p.
549 2294 607 2330 52.
636 2291 673 2344 ξ.
701 2294 736 2329 6.
764 2295 867 2330 recte
895 2293 1094 2329 oblocutus
1131 2294 1192 2328 est
1216 2292 1457 2342 Weicherto,
1497 2293 1563 2341 qui

241 2353 284 2389 in
310 2356 511 2390 comment.
547 2354 594 2390 de
627 2355 743 2392 Vario
769 2355 815 2391 H.
865 2365 902 2401 p.
939 2353 973 2390 8.
1014 2350 1083 2406 (de
1110 2354 1198 2390 Var.
1236 2355 1274 2389 et
1302 2354 1406 2391 Cass.
1433 2365 1470 2401 p.
1500 2354 1559 2390 43.

240 2415 283 2449 et
308 2417 410 2462 poet.
437 2415 504 2450 rel.
542 2426 578 2462 p.
607 2412 714 2468 457.)
750 2415 824 2451 sibi
859 2415 990 2464 finxit,
1030 2415 1293 2450 Maecenatem
1335 2415 1476 2451 satirae
1509 2415 1558 2452 11.

243 2474 451 2512 acrimonia
475 2475 662 2512 offensum
689 2478 728 2511 et
754 2475 966 2511 subiratum
992 2484 1105 2520 aegre
1130 2474 1285 2510 tandem
1310 2474 1459 2521 Virgilii
1484 2475 1559 2512 Va-

242 2535 367 2585 riique
393 2537 668 2574 intercessione
695 2538 735 2573 et
760 2535 973 2582 conjunctis
1000 2546 1130 2573 eorum
1148 2535 1324 2584 precibus
1342 2537 1557 2585 permotum
