1679 2948
184 291 338 318 scenam
365 281 475 329 quasi
502 278 691 327 producit.
746 280 911 316 Proinde
947 282 985 315 et
1012 280 1135 315 ortam
1163 281 1511 328 consorniatamque

183 342 423 390 epistolicam
463 340 599 388 poesin
639 351 688 375 ex
727 340 891 376 Satirica
930 339 1016 375 dico
1064 342 1103 374 et
1142 350 1381 377 communem
1427 352 1512 377 esse

183 403 384 450 utriusque
424 401 603 437 indolem.
671 400 780 442 Quae
821 400 976 448 quidem
1015 400 1055 436 in
1097 411 1143 436 co
1183 403 1402 448 quaerenda
1440 403 1512 450 cst,

182 463 287 511 quod
313 473 390 499 non
417 463 675 499 Romanorum
702 462 824 498 solum
852 461 920 498 sed
954 461 1077 509 ipsius
1111 461 1229 498 etiam
1255 463 1408 499 Horatii
1432 465 1514 500 tota

181 523 337 560 vivendi
364 523 485 572 ratio,
521 533 669 572 mores,
707 523 856 572 studia,
893 522 1134 559 conditiones
1161 523 1281 559 veluti
1308 523 1349 559 in
1383 524 1513 560 tabula

182 584 443 631 depinguntur
478 586 517 620 ct
551 584 607 620 ita
644 584 927 632 depinguntur⁷
969 585 1012 619 ut
1047 583 1160 619 simul
1195 588 1235 620 ec
1257 582 1453 630 jucunda
1477 589 1515 621 et

179 647 329 682 idonea
355 644 533 682 dicantur
558 646 673 682 vitae.
727 645 1060 688 Quemadmodum
1086 645 1205 690 igitur
1230 646 1345 692 poeta
1370 645 1412 681 in
1429 646 1513 682 Ser-

179 706 358 743 monibus
412 707 575 743 ridendo
627 709 665 743 et
722 706 946 752 castigando
994 717 1267 754 perversorum
1315 706 1513 742 hominum

181 767 397 803 studiorum
424 770 618 804 corrector
644 769 790 815 fuerat,
827 767 882 803 ita
916 768 956 803 in
991 767 1166 815 epistolis
1201 767 1356 803 amabili
1391 767 1514 815 philo-

180 828 319 876 sophia
345 830 385 864 et
412 829 630 877 aequalium
657 830 815 876 pectora
842 830 881 863 et
909 840 950 864 se
977 829 1104 876 ipsum
1122 828 1386 864 saluberrimis
1404 839 1514 875 prae-

180 889 304 937 ceptis
331 891 569 926 conformare
598 889 757 926 studuit.
811 889 939 936 Atque
974 890 1047 925 hoc
1081 889 1305 936 primarium
1332 889 1368 925 ci
1395 889 1514 925 fuisse

178 950 383 987 consilium
408 951 449 986 in
485 950 774 987 conscribendis
818 949 1015 998 epistolis,
1057 960 1184 997 neque
1217 951 1339 986 forma
1383 944 1515 986 earum

177 1011 347 1047 indolem
374 1022 398 1047 a
423 1012 650 1048 Sermonum
677 1010 871 1046 diversam
899 1010 1001 1059 fieri,
1029 1010 1159 1058 plures
1186 1010 1236 1046 ob
1264 1020 1420 1047 caussas
1448 1009 1513 1046 de-

179 1071 335 1108 fendere
363 1072 498 1108 ausim.

279 1134 435 1170 Etenim
462 1143 694 1181 quamquam
720 1133 904 1181 plurimas
932 1134 1115 1181 epistolas
1142 1146 1233 1170 vere
1260 1134 1322 1184 iis,
1350 1134 1399 1170 ad
1418 1145 1513 1182 quos

179 1194 348 1242 scriptae
376 1197 487 1243 sunt,
514 1195 694 1231 redditas
722 1206 808 1230 esse
836 1195 1027 1244 concedo,
1063 1195 1246 1231 Horatius
1274 1197 1404 1231 tamen
1430 1198 1513 1231 tan-

177 1258 260 1292 tum
286 1255 443 1305 aberat,
479 1258 522 1291 ut
556 1256 644 1292 illos
682 1257 784 1292 solos
812 1256 997 1293 certiores
1025 1257 1151 1292 faeere
1178 1255 1316 1304 vellet,
1353 1256 1385 1291 si
1421 1257 1512 1303 quid

178 1319 284 1353 esset
310 1317 412 1364 quod
440 1329 506 1353 eos
535 1317 633 1353 seire
660 1320 726 1353 aut
754 1329 823 1353 sua
850 1320 916 1353 aut
943 1318 1116 1364 ipsorum
1150 1317 1358 1353 interesset
1375 1313 1436 1369 ⁶),
1471 1319 1513 1353 ut

177 1377 219 1413 in
247 1378 408 1424 singulis
444 1378 658 1415 scribendis
693 1378 774 1423 jam
810 1378 857 1414 de
893 1378 1063 1414 editione
1104 1378 1274 1414 omnium
1314 1378 1511 1424 cogitaret.

177 1438 221 1475 Id
248 1439 463 1475 luculenter
489 1441 651 1486 apparet
678 1439 781 1488 inde,
809 1439 913 1486 quod
941 1440 1106 1485 Augusti
1132 1439 1266 1475 laudes
1283 1439 1513 1486 quibusdam

177 1500 355 1547 epistolis
390 1511 513 1548 paene
541 1501 698 1536 intrusit
717 1497 767 1552 ⁷).
821 1500 925 1543 Quin
964 1502 1171 1547 antequam
1211 1499 1310 1535 liber
1348 1500 1512 1537 emissus

176 1563 282 1596 esset
309 1561 496 1609 epistolae
524 1562 745 1606 singulatim
772 1562 812 1597 in
840 1562 1001 1597 aliorum
1029 1570 1181 1608 quoquc
1209 1560 1406 1598 hominum
1432 1573 1511 1598 ma—

176 1631 250 1657 nus
276 1622 500 1669 pervenisse
528 1622 731 1672 videntur,
773 1622 805 1658 si
841 1633 917 1670 qua
951 1622 1046 1659 fides
1086 1621 1214 1658 verbis
1254 1622 1296 1658 in
1330 1623 1443 1670 epist.
1476 1624 1510 1672 1,

175 1681 236 1718 20.
266 1684 322 1720 4.:

377 1746 528 1783 Paucis
554 1745 707 1782 ostendi
736 1745 877 1794 gemis,
907 1748 946 1782 et
973 1745 1189 1782 eommunia
1215 1745 1376 1795 laudas.⁷

176 1805 226 1842 ad
259 1817 358 1854 quac
386 1807 484 1843 bene
512 1809 698 1854 provocat
733 1808 902 1843 Masson.
943 1809 983 1842 in
1024 1807 1112 1843 hist.
1154 1808 1237 1843 erit.
1278 1809 1369 1843 tom.
1398 1809 1440 1843 V.
1471 1819 1506 1855 p.

179 1866 262 1903 170.
290 1869 368 1904 not.
397 1867 433 1903 b.
486 1867 639 1904 Deinde
674 1868 879 1915 primarius
916 1869 1166 1916 plurimarum
1200 1868 1285 1904 finis
1321 1871 1401 1918 est,
1442 1871 1507 1905 aut

177 1929 219 1962 ut
245 1928 513 1976 philosophiae
541 1929 711 1965 studium
738 1930 1028 1966 commendetur
1063 1932 1102 1965 et
1136 1929 1320 1977 placitum
1354 1929 1508 1976 aliquod

176 1988 384 2025 instilletur
409 1990 567 2026 auribus
588 1986 639 2041 ⁸),
667 1994 734 2026 aut
761 1993 802 2026 ut
829 2002 927 2038 quae
954 1991 1057 2027 inter
1083 1993 1236 2038 poetam
1264 1992 1303 2026 et
1325 1990 1408 2036 ejus
1428 1992 1505 2027 sau-

177 2050 304 2099 tores,
332 2050 597 2086 Maecenatem
625 2051 868 2098 potissimum
896 2055 933 2088 et
962 2053 1179 2098 Augustum
1205 2051 1421 2087 intercedat
1447 2063 1506 2088 ra-

177 2109 255 2159 tio,
292 2122 338 2148 ea
364 2111 478 2157 vulgo
505 2111 554 2146 ob
581 2112 712 2147 oeulos
739 2116 915 2159 ponatur.
971 2114 1098 2155 Quare
1139 2122 1216 2148 non
1256 2112 1506 2157 premendum

178 2174 252 2220 est,
280 2172 419 2220 quibus
448 2172 612 2220 scriptor
640 2173 824 2220 epistolas
852 2173 1012 2221 dicarit)
1040 2183 1111 2209 nee
1139 2183 1373 2220 magnopere
1400 2173 1504 2210 labo-

266 2335 303 2369 6)
327 2334 433 2365 verba
458 2336 621 2367 Ciceronis
648 2337 677 2368 in
703 2337 796 2377 epist.
821 2336 860 2366 ad
886 2335 949 2366 div.
975 2338 1005 2370 2,
1031 2337 1059 2368 4.

176 2434 218 2466 ¹9
254 2390 306 2466 473)
327 2390 377 2421 Cs.
402 2391 494 2431 epist.
520 2392 588 2422 libr.
616 2393 637 2422 l.
663 2394 693 2426 3,
719 2394 747 2423 7.
780 2394 811 2429 5,
836 2394 866 2424 9.
897 2393 944 2427 12,
971 2391 1199 2423 25.-13.-
1217 2390 1268 2427 16,
1295 2390 1347 2421 27.
1377 2389 1425 2425 19,
1451 2391 1502 2422 56.

222 2458 228 2468 ’
265 2489 303 2529 s)
327 2489 376 2520 cr.
401 2490 424 2520 ι.
450 2491 481 2526 2,
506 2490 558 2521 ὅτ.
585 2490 615 2523 3,
640 2491 682 2521 2ss
708 2500 754 2529 sq.
790 2489 820 2524 4,
845 2493 864 2521 5
889 2501 935 2530 sq.
967 2490 996 2524 6,
1023 2491 1074 2522 ες.
1107 2491 1138 2528 s,
1164 2490 1192 2521 3.
1227 2490 1278 2529 10,
1304 2490 1344 2523 12
1368 2474 1415 2531 iq.
1450 2489 1500 2523 ιι.

179 2534 220 2565 22
245 2537 276 2564 et
301 2535 353 2566 25.
378 2534 429 2567 12.
455 2535 484 2566 4.
510 2534 562 2569 14,
588 2535 617 2566 4.
645 2535 695 2567 16,
721 2535 772 2566 20.
799 2535 851 2569 1³³.
876 2534 929 2566 96.
955 2553 996 2557 —
