1643 2959
641 888 794 965 cap.
847 889 1035 946 vul.

342 1021 389 1052 De
413 1019 612 1061 temporibus
636 1019 753 1060 quibus
776 1018 849 1049 libri
872 1016 928 1049 IV.
952 1018 1094 1049 carmina
1119 1018 1239 1061 scripta
1264 1020 1339 1051 sint.

270 1187 520 1223 caunum?
545 1186 585 1223 1.
630 1187 903 1236 „Intermissa
941 1185 1079 1224 Venus
1113 1187 1223 1237 dize’,
1259 1187 1300 1223 in
1334 1197 1411 1235 quo
1438 1186 1517 1224 Ho-

164 1249 289 1286 ratius
317 1250 456 1298 poesin
482 1249 644 1296 lyricam
678 1248 831 1297 pridem
865 1247 1128 1284 intermissam
1161 1250 1441 1285 retractaturus
1477 1260 1519 1285 se

166 1311 365 1348 amoribus
401 1322 557 1348 rursum
591 1311 831 1348 incalescere
866 1309 1068 1356 ingeniose
1103 1310 1234 1360 fingit,
1280 1311 1519 1359 quinquage-

165 1373 264 1410 simo
291 1374 372 1418 fere
400 1374 542 1410 aetatis
569 1382 672 1409 anno
700 1372 724 1409 i.
755 1384 787 1408 e.
818 1383 852 1409 a.
879 1372 964 1408 739.
984 1371 1047 1408 vel
1081 1371 1166 1408 740.
1194 1372 1301 1422 lusit,
1330 1375 1373 1409 ut
1400 1372 1517 1410 disci-

164 1445 251 1472 mus
278 1447 300 1472 e
327 1447 387 1472 vs.
413 1436 448 1472 4.
479 1445 558 1484 sq.:

571 1518 622 1525 —
672 1496 843 1545 Desine,
877 1495 1046 1533 dulcium

368 1559 497 1596 Mater
524 1570 642 1596 saeva
671 1558 908 1607 Cupidinum

439 1621 558 1659 Circa
585 1623 718 1659 luslra
745 1623 881 1658 decem
908 1620 1066 1657 flectere
1093 1620 1274 1659 mollibus

368 1683 458 1719 Jam
484 1682 624 1719 durum
651 1682 840 1731 imperiis.

164 1745 242 1782 Sed
271 1744 381 1781 vides
409 1744 658 1781 incertiorem
685 1744 747 1781 his
774 1745 906 1781 inesse
933 1743 1121 1792 temporis
1147 1746 1304 1795 notam,
1333 1754 1449 1793 quam
1476 1748 1520 1783 ut

166 1811 360 1844 accurate
387 1816 531 1843 annum
557 1806 741 1857 indages,
778 1817 856 1854 quo
889 1806 1076 1844 Horatius
1110 1816 1269 1842 carmen
1305 1807 1518 1856 scripserit.

165 1868 295 1906 Possit
334 1867 493 1916 quidem
533 1868 660 1905 videri
695 1868 889 1905 decimum
922 1869 1088 1904 lustrum
1122 1867 1295 1904 nondum
1331 1869 1518 1906 clausisse

165 1928 246 1983 (ita
266 1929 419 1976 judicat
447 1931 593 1966 Grotef.
621 1941 658 1977 p.
686 1930 771 1966 475.
797 1925 883 1982 b.)‚
918 1929 960 1965 id
987 1928 1092 1976 quod
1118 1930 1263 1966 factum
1290 1941 1376 1966 esse
1404 1941 1518 1979 opor-

166 1994 223 2029 tet
250 2003 283 2029 a.
314 1992 350 2029 d.
378 1991 442 2029 VI.
471 1991 527 2029 Id.
556 1991 762 2028 Decembr.
791 2001 826 2027 a.
855 1990 963 2040 739.,
990 2002 1083 2041 non,
1112 1993 1156 2027 ut
1183 2003 1390 2041 perperam
1417 1993 1519 2029 dixit

165 2054 378 2091 WVeichert.
417 2053 466 2089 de
501 2055 590 2090 Var.
627 2055 666 2089 et
702 2054 809 2090 Cass.
844 2064 882 2101 p.
917 2053 977 2091 59.
1012 2055 1093 2090 not.
1130 2052 1212 2103 50.‚
1240 2066 1274 2091 a.
1302 2054 1387 2092 738.
1440 2054 1518 2091 Sed

166 2127 255 2153 eum
281 2116 466 2164 prologus
495 2115 547 2152 sit
574 2125 752 2165 carmen,
780 2125 920 2151 vereor
936 2126 1062 2163 paene
1087 2126 1137 2152 ne
1156 2117 1332 2153 confecto
1360 2115 1518 2153 demum

165 2178 266 2215 libro
293 2187 395 2215 anno
423 2177 509 2213 741.
539 2177 714 2214 omnium
747 2178 948 2226 postremo
983 2179 1185 2214 exaratum
1221 2178 1282 2215 sit.
1335 2178 1517 2226 Plerique

165 2240 341 2276 referunt
380 2238 431 2275 ad
470 2250 502 2276 a.
544 2239 650 2289 739„
692 2240 866 2288 profecto
906 2241 950 2276 ut
988 2239 1077 2276 falsi
1118 2239 1197 2276 sint
1235 2250 1315 2277 non
1352 2240 1517 2278 multum

165 2301 265 2337 falsi.
292 2322 343 2329 —
369 2301 542 2338 Masson.
569 2301 637 2337 vit.
665 2301 756 2338 Hor.
787 2311 826 2350 p.
855 2300 941 2338 326.
970 2312 1053 2338 rem
1079 2301 1122 2338 in
1147 2300 1276 2338 medio
1302 2302 1472 2351 reliquit.

268 2424 513 2462 oAfflnN
540 2424 604 2461 11.
647 2425 913 2475 „Pindarum
938 2426 1149 2475 quisquis„
1176 2436 1278 2463 anno
1306 2426 1390 2462 739.
1418 2424 1512 2462 scri-

169 2487 283 2535 ptum
313 2499 400 2525 esse
435 2486 638 2536 probabile
674 2489 756 2537 est,
792 2497 880 2524 oum
913 2488 1114 2534 Augustus
1148 2487 1371 2535 Sygambris
1398 2486 1513 2523 victis

169 2558 262 2585 mox
297 2548 461 2587 Romam
498 2548 694 2586 rediturus
734 2560 821 2586 esse
860 2550 900 2586 et
936 2551 1162 2587 narraretur
1201 2552 1241 2586 et
1279 2547 1514 2586 crederetur.

170 2609 334 2647 Abierat
358 2611 401 2647 in
427 2611 592 2648 Galliam
619 2611 663 2649 L.
680 2610 856 2649 Domitio
883 2613 924 2649 et
940 2611 982 2651 P.
1011 2612 1192 2649 Cornelio
1219 2609 1400 2658 Scipione
1428 2610 1511 2648 CSS.
