1659 2948
668 220 945 263 -25-

245 330 398 369 Deinde
423 341 612 381 nusquam
638 332 863 380 posterioris
890 332 1075 382 temporis
1101 330 1308 379 vestigium
1334 331 1473 369 exstat.

147 392 247 431 Nam
279 404 353 431 nec
389 393 513 430 Cassii
546 393 650 430 illius
684 395 847 432 Etrusci
881 394 1078 445 „ambusti
1111 394 1238 442 capsis
1273 394 1313 430 et
1335 391 1474 429 libris“

146 454 382 491 mentionem
409 450 507 505 (Sat.
538 455 573 504 1,
603 455 660 491 10.
688 451 773 506 62.)
799 466 900 493 nunc
928 457 1130 505 quisquam
1153 457 1245 505 post
1270 453 1476 491 accuratis-

147 516 284 553 simam
316 515 532 553 Weicherti
567 515 870 564 disputationem
903 514 982 570 (de
1015 519 1105 556 Var.
1143 519 1182 554 et
1209 517 1315 555 Cass.
1350 515 1476 553 Parm.

146 588 184 626 p.
219 578 294 615 213
329 588 384 625 sq.
420 577 520 626 inpr.
548 577 633 614 265.
661 573 746 630 66.)
782 577 833 614 ad
869 578 1045 615 Cassium
1077 580 1342 616 Parmensem
1365 579 1479 620 janno

145 650 183 675 u.
213 650 243 675 c.
269 639 354 675 723.
392 639 635 675 demortuum
669 640 833 689 referet,
868 649 940 675 nec
967 639 1087 675 satira
1112 639 1172 688 8.‚
1206 640 1248 676 in
1277 650 1355 687 qua
1386 638 1479 675 novi

144 700 383 738 Maecenatis
410 700 513 736 horti
538 700 579 735 in
604 699 790 747 Esquiliis
817 700 1009 737 aedificati
1043 695 1101 752 (v.
1137 700 1173 736 7.
1201 702 1241 736 et
1268 695 1351 752 14.)
1377 711 1480 737 com-

144 762 418 810 memorantur,
447 771 533 796 eum
549 760 763 797 Kirchnero
789 763 937 808 quaest.
966 759 1003 811 ξ.
1031 761 1092 797 34.
1118 771 1157 808 p.
1187 760 1246 797 16.
1273 763 1482 808 propterea

144 833 244 860 anno
271 822 356 859 721.
394 821 642 858 attribuenda
677 823 756 872 est,
792 821 897 870 quod
929 822 972 859 in
997 822 1075 860 Sat.
1103 822 1149 871 2,
1185 822 1220 858 3.
1257 832 1359 858 anno
1393 823 1478 859 722.

144 884 287 932 scripta
302 884 509 920 Maecenas
535 882 577 919 in
595 883 831 921 aedificando
850 886 1060 932 occupatus
1075 884 1262 932 appareat
1279 879 1337 936 (v.
1356 879 1479 935 312),

143 947 307 994 utraque
343 946 462 992 igitur
495 947 669 994 tempore
704 956 784 982 non
809 946 924 983 nimis
958 945 1062 982 inter
1097 957 1137 982 se
1175 944 1368 991 disjuncta
1394 956 1481 981 esso

142 1008 324 1056 potuerit.
378 1009 438 1044 De
458 1017 534 1055 qua
553 1018 595 1043 re
623 1006 748 1044 dicam
774 1007 885 1044 infra.
914 1007 1035 1044 Immo
1060 1007 1118 1044 nil
1141 1006 1307 1055 impedit
1332 1006 1479 1055 quomi-

142 1081 216 1107 nus
250 1071 374 1107 totum
406 1068 548 1106 librum
574 1080 675 1106 anno
702 1081 739 1106 u.
768 1081 799 1106 c.
828 1070 913 1106 719.
950 1071 1166 1108 confectum
1199 1068 1318 1105 fuisse
1346 1070 1386 1104 et
1418 1068 1482 1104 vel

143 1131 216 1168 hoc
243 1132 306 1167 vel
333 1132 511 1179 sequenti
527 1153 578 1159 —
593 1131 666 1168 hoc
693 1131 797 1168 enim
822 1132 864 1168 in
889 1143 932 1168 re
958 1132 1107 1169 incerta
1130 1130 1274 1177 largiar
1298 1151 1349 1157 —
1365 1129 1481 1178 paulo

141 1195 232 1241 post
260 1193 293 1229 1.
323 1193 542 1240 Georgicon
568 1194 714 1242 publici
734 1194 835 1240 juris
862 1195 1006 1231 sactum
1033 1204 1118 1230 esse
1147 1193 1372 1228 statuamus.
1400 1212 1451 1219 —

243 1255 362 1293 Porro
389 1254 494 1292 idem
521 1255 685 1292 suadent
712 1256 789 1293 Sat.
821 1256 863 1306 1,
893 1256 951 1293 10.
980 1267 1037 1292 vs.
1066 1254 1114 1291 45
1143 1264 1221 1302 sq.:

542 1338 594 1345 —
619 1317 733 1354 molle
761 1319 878 1365 atque
905 1319 1074 1354 facetum

342 1379 504 1426 Virgilio
532 1381 751 1416 annuerunt
777 1378 991 1425 gaudentes
1017 1389 1107 1415 rure
1136 1379 1340 1416 Camenae.

142 1440 242 1477 Nam
268 1450 318 1476 ex
350 1441 413 1477 his
448 1443 610 1488 apparet
651 1441 856 1487 Virgilium
889 1441 955 1477 illo
989 1442 1164 1488 tempore
1191 1440 1373 1477 Bucolica
1398 1442 1482 1476 tan-

142 1502 226 1537 tum
261 1502 301 1536 et
341 1502 533 1547 Georgica
577 1501 802 1551 scripsisse,
846 1502 1013 1538 necdum
1048 1501 1265 1538 Aeneidem
1307 1501 1482 1549 coepisse

142 1562 231 1599 stilo
259 1562 423 1608 signare.
477 1563 564 1599 Jam
592 1572 679 1598 eum
706 1563 897 1608 Georgica
922 1573 1023 1599 anno
1049 1574 1086 1598 u.
1106 1574 1138 1598 e.
1157 1562 1242 1598 724.
1271 1562 1484 1598 absolverit

94 1638 97 1639 ⁷
141 1625 181 1661 et
206 1626 290 1660 tum
314 1623 482 1660 Aeneidi
500 1623 760 1660 conficiendae
779 1634 939 1671 operam
956 1623 1121 1672 dederit,
1148 1623 1303 1660 Horatii
1324 1624 1484 1660 satiram

141 1687 320 1733 apertum
355 1687 415 1721 est
447 1696 526 1722 non
562 1686 651 1733 post
694 1685 803 1722 illum
838 1696 982 1722 annum
1016 1684 1202 1733 scriptam
1246 1696 1344 1721 esse.
1407 1685 1482 1722 Sed

141 1747 353 1784 antecessit
378 1747 497 1784 etiam
522 1747 685 1783 multum
711 1746 753 1783 id
778 1748 944 1795 tempus.
996 1746 1097 1784 Nam
1122 1746 1164 1782 in
1189 1757 1225 1783 v.
1254 1745 1313 1782 42.
1342 1746 1481 1793 perho-

141 1809 300 1846 norifica
325 1808 510 1846 Pollionis
537 1809 683 1846 mentio
710 1808 902 1858 injicitur,
937 1810 981 1844 ut
1006 1807 1072 1855 qui
1098 1809 1190 1843 tunc
1216 1807 1345 1854 ipsum
1370 1818 1482 1855 prae-

143 1871 400 1907 stantissimas
435 1871 656 1917 tragoedias
693 1870 903 1917 scripserit.
955 1868 994 1905 Is
1029 1879 1122 1904 vero
1154 1868 1378 1905 intermisso
1412 1869 1481 1905 ali-

142 1932 370 1981 quantisper
406 1932 576 1978 tragicae
620 1932 750 1980 pocsis
792 1930 919 1966 studio
954 1941 988 1966 a.
1024 1941 1061 1966 u.
1097 1941 1130 1966 c.
1168 1930 1253 1965 724.
1291 1929 1342 1965 ad
1384 1941 1483 1978 opus

142 1994 370 2031 historicum
397 1993 706 2042 componendum
733 2004 774 2029 sc
804 1991 993 2040 accinxit,
1023 2002 1178 2041 „arma
1211 1992 1349 2028 civilia
1373 2003 1482 2030 non-

142 2059 241 2094 dum
266 2057 444 2104 eoepz'ace's
469 2061 596 2094 uncta
622 2055 862 2093 cruoribu3⁷⁷
890 2052 1178 2102 descripturus,
1205 2052 1293 2100 ipso
1319 2053 1482 2090 Horatio

142 2119 243 2154 teste
271 2113 356 2171 (od.
384 2117 429 2168 2,
459 2118 492 2155 1.
522 2119 567 2155 cf.
595 2117 744 2154 XVcich.
775 2115 822 2152 de
839 2116 928 2153 Var.
958 2116 998 2150 et
1027 2115 1132 2152 Cass.
1161 2125 1198 2162 p.
1227 2109 1324 2166 53.).
1377 2115 1481 2161 Ergo

144 2180 303 2217 satiram
330 2179 388 2217 10.
417 2180 525 2229 prius
553 2180 752 2217 exaratam
787 2188 873 2215 esse
908 2178 1072 2225 apparet
1108 2187 1223 2225 quam
1252 2175 1375 2214 Pollio
1401 2176 1481 2214 bel-

144 2389 177 2430 ς.
199 2389 232 2421 6.
255 2390 377 2421 Wcich.
401 2401 433 2431 p.
458 2391 513 2421 rel.
537 2401 568 2431 p.
595 2390 670 2421 300.
694 2389 734 2420 de
757 2389 834 2421 var.
860 2391 893 2420 et
916 2389 1007 2420 Cass.
1031 2398 1062 2430 p.
1085 2387 1140 2419 40.
1166 2390 1199 2419 et
1221 2388 1339 2429 alibi..)
1392 2386 1482 2421 Quod

145 2435 406 2487 quemadmodum
445 2445 503 2476 per
541 2446 577 2466 se
608 2434 796 2466 incredibile
827 2437 860 2465 et
891 2433 1124 2465 subabsurdum
1154 2436 1205 2464 est
1236 2436 1394 2464 statuere.
1435 2432 1482 2462 ita

146 2479 175 2508 si
197 2488 258 2511 non
281 2481 412 2520 ingenio
437 2483 524 2511 certe
548 2482 618 2511 arte
641 2480 769 2511 Horatii
793 2479 966 2519 indignum.
1012 2478 1052 2510 V.
1075 2478 1168 2509 modo
1193 2479 1262 2510 Sat.
1287 2478 1325 2516 1,
1349 2476 1379 2508 4.
1403 2476 1480 2508 138.

146 2522 223 2554 139
245 2524 278 2561 1,
303 2525 434 2557 6.122.
466 2525 566 2556 Multo
597 2525 716 2556 rectius
748 2524 787 2555 de
819 2524 933 2555 studiis
958 2526 991 2555 et
1012 2524 1239 2565 multiplicibus
1263 2524 1331 2563 ejus
1354 2522 1481 2553 exerci-

146 2567 333 2645 ῐεῐῖηέὺιιε
339 2570 530 2611 judicavere
554 2571 690 2602 Passov.
714 2570 772 2602 xit.
797 2579 828 2612 p.
854 2570 907 2602 52.
931 2571 997 2601 not.
1022 2569 1098 2601 157.
1121 2568 1175 2601 29.
1199 2568 1275 2601 181.
1299 2570 1333 2599 et
1356 2566 1480 2600 Grotef.

147 2623 166 2654 p
224 2621 243 2644 o
301 2614 321 2645 b
