1643 2959
705 240 987 282 -160—

187 350 340 388 labente
367 349 429 388 vel
455 349 582 386 erecto
608 347 792 397 imperio,
818 347 866 384 de
885 347 1044 384 Oriente
1061 346 1233 396 subacto,
1260 348 1308 385 de
1329 348 1506 397 Aegypto

186 414 344 461 pacata,
380 411 427 446 de
452 410 640 445 benorum
673 408 845 445 civilium
879 408 1052 445 cladibus
1086 409 1126 443 et
1158 408 1314 444 miseria
1344 409 1507 457 aliisque

185 473 321 521 rebus,
349 473 392 506 ut
416 470 527 506 facile
561 470 760 507 intellectu
794 472 856 506 est
889 481 940 506 ex
974 468 1206 506 carminibus
1232 470 1315 504 tum
1340 470 1505 518 scriptis.

183 534 266 571 Nec
284 542 385 568 anno
404 531 488 567 731.
505 531 679 567 odarium
705 533 831 567 ortum
857 541 943 567 esse
968 532 1108 579 potest.
1159 530 1260 567 Nam
1283 540 1408 577 neque
1434 531 1507 568 hoc

183 595 390 630 Maecenas
417 594 596 640 praeerat
622 592 723 642 urbi,
752 604 838 628 cum
863 593 947 640 ipse
965 593 1164 637 Augustus
1191 601 1374 638 praesens
1391 595 1505 630 esset.

281 655 335 691 At
367 653 464 690 mire
499 653 627 689 onmia
660 653 805 690 indicia
834 653 876 689 in
903 665 939 690 a.
969 654 1072 689 729.
1100 652 1300 700 quadrant.
1339 653 1508 690 Primum

184 716 288 752 enim
329 714 512 752 Cantabri
552 717 592 751 et
624 714 788 751 Astures
823 715 897 751 hoc
931 725 1032 750 anuo
1067 716 1200 752 denuo
1240 714 1505 751 domabantur.

180 777 269 814 Jam
295 787 330 813 a.
358 776 442 812 727.
469 776 668 822 Augustus
696 787 746 812 ex
774 775 919 826 Gallia,
956 786 1032 823 quo
1066 776 1108 811 in
1133 775 1373 812 Britanniam
1399 786 1508 812 exer-

183 839 301 875 citum
328 837 511 874 ducturus
539 849 579 873 se
608 837 842 886 contulerat,
869 836 910 872 in
935 837 1165 884 Hispaniam
1190 838 1383 885 profectus
1411 838 1506 886 erat,

182 910 269 935 eam
294 901 338 934 ut
362 898 600 946 provinciam
626 898 879 934 constitueret
905 894 1002 949 (Dio
1021 898 1091 947 53,
1118 897 1212 949 22).
1256 897 1386 935 Rebus
1406 908 1508 934 com-

181 960 318 1008 positis
352 959 493 995 iterum
529 958 701 994 decrevit
726 959 768 994 in
793 958 1033 994 Britanniam
1066 959 1256 1004 trajicere.
1309 958 1385 995 Sed
1419 969 1508 1007 pro-

180 1021 387 1058 hibebatur
410 1019 624 1055 rebellione
652 1018 950 1068 Cantabrorum,
977 1019 1163 1055 Asturum
1189 1021 1229 1055 et
1255 1019 1507 1069 Salassorum,

180 1081 308 1126 gentis
342 1080 555 1127 Inalpinae.
615 1079 715 1116 Hinc
749 1079 934 1115 adversus
969 1079 1039 1115 hos
1074 1079 1180 1115 misit
1208 1080 1256 1116 A.
1283 1080 1508 1117 Terentium

178 1144 411 1190 Varronem,
449 1143 582 1177 contra
614 1140 700 1176 illos
734 1140 817 1188 ipse
854 1140 1009 1189 quidem
1043 1143 1214 1188 suscepit
1239 1141 1402 1191 bellum,
1439 1141 1508 1178 sed

179 1214 295 1249 aeger
320 1204 577 1240 Tarraconem
610 1212 789 1238 reversus
818 1203 858 1239 C.
886 1202 1056 1239 Antistio
1083 1205 1123 1239 et
1148 1204 1192 1240 T.
1223 1202 1370 1240 Carisio
1403 1203 1507 1248 lega-

179 1265 230 1300 tis
258 1263 460 1300 commisit.
516 1264 688 1305 Quorum
714 1274 833 1311 opera
858 1263 957 1299 istae
984 1266 1119 1309 gentes
1136 1264 1250 1311 plane
1277 1263 1508 1309 subiguntur

179 1322 277 1377 (Dio
306 1325 413 1362 Cass.
440 1324 509 1373 53,
537 1324 596 1360 25.
624 1324 765 1361 Justin.
795 1325 856 1374 44,
885 1323 965 1377 5.),
1002 1325 1229 1372 sepultoque
1255 1324 1356 1360 bello
1382 1320 1508 1376 (παυ-

178 1387 350 1434 σαμένου
378 1381 421 1422 δὲ
446 1385 517 1422 τοῦ
543 1385 715 1434 πολέμου
742 1389 894 1422 τούτου.
920 1385 997 1422 Dio
1022 1386 1046 1422 l.
1073 1386 1098 1422 l.
1127 1382 1211 1437 26.)
1237 1387 1508 1422 veteranorum

179 1447 330 1484 colonia
354 1446 541 1494 Auyusta
567 1448 749 1483 Emerita
781 1447 823 1483 in
849 1447 1049 1483 Lusitania
1080 1447 1258 1483 conditur
1283 1458 1317 1483 a.
1345 1447 1430 1483 729.
1459 1448 1506 1483 cf.

179 1510 336 1545 Sueton.
365 1509 450 1545 Oct.
485 1508 545 1544 20.
582 1508 640 1544 21.
678 1508 737 1544 85.
773 1509 875 1545 Flor.
912 1510 956 1558 4,
993 1508 1051 1545 12.
1080 1509 1129 1545 46
1156 1519 1211 1556 sq.
1240 1509 1351 1545 Oros.
1378 1508 1416 1557 6,
1444 1507 1505 1544 21.

178 1570 315 1616 Scalig.
331 1569 380 1605 ad
396 1569 538 1606 Euseb.
558 1569 637 1605 chr.
656 1570 988 1607 MDCCCCXCII.
1006 1571 1205 1615 Augustus
1223 1580 1324 1605 anno
1353 1568 1507 1605 demum

176 1631 262 1666 730.
290 1630 417 1666 medio
443 1631 605 1666 Romam
630 1631 732 1667 redit
758 1626 825 1682 (cf.
854 1630 904 1666 ad
930 1630 991 1666 od.
1019 1631 1065 1681 3,
1094 1627 1189 1682 14.).
1240 1630 1339 1667 Tum
1367 1631 1505 1667 Canta-

175 1691 237 1727 bri
264 1692 302 1726 et
327 1691 491 1727 Astures
519 1691 645 1727 denuo
672 1693 798 1727 motus
825 1692 989 1740 faciunt,
1018 1691 1087 1727 sed
1113 1691 1189 1727 cito
1214 1691 1257 1727 in
1273 1692 1506 1739 potestatem

176 1751 404 1798 rediguntur
431 1749 526 1800 (Dio
553 1753 615 1801 53,-
641 1751 737 1805 29.).
790 1752 908 1789 Vides
944 1752 1062 1798 igitur
1094 1753 1297 1790 Horatium
1325 1751 1505 1789 Calendis

175 1813 290 1849 Mart.
319 1824 352 1849 a.
381 1813 466 1848 729.
496 1813 543 1849 de
572 1813 774 1850 Cantabris
802 1813 970 1850 subactis
996 1814 1102 1861 loqui
1129 1814 1313 1862 potuisse.

275 1874 413 1911 Eidem
446 1875 612 1922 tempori
647 1875 800 1921 egregie
836 1875 1124 1911 accomodatum
1159 1878 1219 1911 est
1253 1875 1356 1923 quod
1390 1874 1503 1912 dicit:

169 1937 344 1985 „Medus
369 1934 542 1981 infestus
566 1937 644 1973 sibi
677 1938 870 1973 luctuosis
902 1938 1081 1975 Dissidet}
1113 1938 1275 1973 armi-§.³⁷
1325 1938 1386 1974 De
1411 1935 1503 1972 Par-

176 1996 329 2032 thorum
355 2007 474 2042 regno
502 1997 584 2043 jam
611 2008 644 2033 a.
673 1997 758 2034 723.
787 1998 1071 2034 contendebant
1096 1999 1295 2035 Phraates
1317 2000 1361 2034 et
1387 1998 1502 2034 Teri-

176 2060 288 2095 dates
314 2052 412 2107 (Dio
439 2058 500 2107 51,
530 2056 624 2110 18.)
676 2058 750 2096 Hic
776 2059 900 2094 victus
928 2059 1025 2095 abiit
1049 2059 1092 2095 in
1109 2059 1274 2108 Syriam,
1302 2059 1371 2095 sed
1395 2068 1501 2094 rece-

174 2118 232 2165 pit
256 2129 437 2168 regnum,
466 2130 552 2155 cum
576 2119 761 2155 Phraates
789 2119 836 2155 ab
864 2120 950 2167 ipso
976 2120 1119 2168 populo
1145 2121 1187 2156 in
1213 2119 1389 2155 exsilium
1414 2118 1500 2164 pul-

176 2189 241 2214 sus
268 2181 381 2215 esset.
433 2179 618 2216 Phraates
644 2191 737 2216 vero
763 2181 961 2217 immensis
988 2182 1215 2227 Scytharum
1249 2179 1404 2215 auxiliis
1432 2178 1500 2214 ad-

169 2238 277 2284 jutus
303 2239 446 2276 bellum
471 2243 582 2288 parat
607 2251 642 2277 a.
670 2241 754 2277 729.
807 2241 906 2277 Hinc
923 2240 1123 2278 Teridates
1151 2240 1311 2290 „audito
1330 2238 1499 2275 adventu

175 2299 399 2345 Scytharum
437 2313 523 2338 cum
556 2312 694 2348 magna
732 2301 939 2338 amicorum
981 2312 1095 2337 manu
1135 2301 1184 2337 ad
1220 2302 1422 2338 Caesarem
1458 2300 1499 2335 in

173 2360 401 2407 Hispaniam
434 2361 577 2398 bellum
609 2365 700 2399 tunc
734 2363 918 2410 temporis
954 2365 1151 2409 gerentem
1177 2361 1367 2409 profugit,
1393 2359 1498 2396 obsi-

175 2421 264 2457 dem
291 2421 446 2458 Caesari
473 2423 671 2460 miuim‘um
696 2424 813 2459 filium
839 2424 1015 2460 Phraatis
1050 2425 1197 2471 ferens,
1233 2432 1346 2469 quem
1375 2422 1498 2467 negli-

174 2482 327 2527 gentius
354 2482 584 2519 custoditum
609 2485 829 2533 rapueraff',
856 2486 1046 2521 referente
1071 2484 1224 2521 Justino
1257 2482 1344 2519 libr.
1371 2482 1434 2532 42,
1459 2482 1495 2518 5.

174 2540 212 2591 ἓ.
240 2543 275 2579 6.
338 2543 522 2580 Phraates
556 2544 703 2589 legatos
738 2545 899 2581 Romam
932 2545 1038 2580 misit
1073 2543 1307 2593 „repetitum
1342 2553 1495 2579 servum

176 2613 285 2640 suum
311 2604 532 2642 Teridatem
558 2607 597 2641 et
622 2605 777 2642 filiumst'
821 2605 908 2653 Ipse
927 2604 1127 2643 Teridates
1145 2605 1288 2643 Romae
1306 2606 1491 2641 versatur.
