1643 2959
681 226 967 266 -182—

161 335 322 374 Vaccaei
348 338 389 372 ct
413 337 575 372 Astures
601 333 767 381 primum
793 345 817 371 a
842 333 993 371 Statilio
1019 333 1147 371 Tauro
1173 331 1272 388 (Dio
1296 337 1358 388 51,
1384 334 1484 390 2⁰.)‚

159 398 200 433 et
233 397 459 443 Scytharum
498 405 592 441 gens
627 391 687 444 (h.
723 407 757 432 e.
791 394 882 432 Istri
915 391 1090 449 accolae)
1124 406 1148 432 a
1180 396 1234 433 Μ.
1270 398 1408 437 Crasso
1442 399 1485 436 in

160 458 347 495 ditionem
372 455 658 502 redigebantur.
719 457 801 494 Hos
837 456 941 493 enim
974 456 1197 494 frendentes
1216 456 1354 504 jugum
1377 471 1484 497 acce-

159 519 264 566 pisse
291 518 331 553 et
356 517 538 553 Romanis
565 518 708 554 ferrum
733 517 930 554 minitatos
957 529 1044 554 esse
1069 528 1141 565 pro
1167 520 1273 555 certo
1299 518 1419 556 dicas.
1435 543 1486 549 —-
1527 512 1530 519 ’

158 578 231 616 Isti
264 579 395 614 autem
428 578 548 615 aetati
582 578 656 616 hoc
691 589 845 616 carnem
878 579 1036 616 minime
1071 579 1263 616 convenit.
1321 580 1423 618 Nam
1444 581 1487 617 in

158 650 193 676 v.
221 639 244 675 5
271 649 327 688 sq.
355 641 395 676 ct
422 639 480 676 15.
515 650 655 678 canum
686 652 728 678 se
762 640 893 690 prodit
926 643 1055 688 poeta.
1114 640 1389 679 Albescentem
1425 652 1486 679 ca-

157 700 293 747 pillum
318 700 456 737 habuit
481 710 515 737 a.
543 701 651 751 ⁵730„
678 701 766 749 ipso
792 704 892 738 teste
919 702 981 739 od.
1008 703 1053 751 3,
1090 702 1150 740 14.
1183 702 1244 740 25.
1271 725 1323 731 -
1346 703 1487 750 Perpe-

157 772 241 798 ram
266 762 441 810 plerique
469 761 631 799 odarion
657 762 707 800 ad
733 774 766 800 a.
795 764 880 801 734.
908 763 1144 813 retulerunt,
1179 764 1298 800 etiam
1329 764 1487 801 Kirchn.

157 825 306 870 quaest.
333 834 372 871 p.
400 823 435 860 5.
463 821 499 873 ξ.
527 824 562 860 9.
578 825 833 862 ——Convenit
857 825 953 861 mihi
980 836 1067 862 cum
1093 824 1316 862 Grotefend.
1344 836 1382 874 p.
1401 825 1486 861 472.

156 904 206 910 ——
238 885 300 920 De
326 885 508 927 Quinctio
535 886 581 921 cf.
608 885 765 922 Passov.
791 888 872 923 not.
899 886 986 922 263.
1016 888 1056 922 et
1086 885 1280 923 Obbarius
1305 885 1348 923 in
1371 886 1486 924 Jahn.

157 944 282 982 annal.
311 956 344 982 a.
375 944 483 982 1832.
510 946 584 982 vol.
612 946 642 982 Ι.
669 948 761 983 fasc.
790 948 825 983 4.
852 958 890 994 Ρ.
919 947 1003 984 576.

259 1065 502 1102 ῦΑΙῑΜΕΝ
526 1067 636 1104 xu.
679 1069 825 1118 „Nolis
851 1069 973 1117 lonqa
997 1066 1147 1115 feraffl‘
1166 1068 1322 1106 videtur
1346 1070 1490 1106 factum

157 1130 243 1163 esse
269 1137 340 1175 per
365 1139 399 1164 a.
426 1129 511 1165 725.
540 1131 580 1165 et
607 1128 693 1166 726.
747 1128 1080 1172 Quemadmodum
1106 1130 1211 1167 enim
1239 1130 1322 1176 jam
1346 1141 1418 1178 per
1444 1142 1488 1168 se

156 1190 459 1227 consentaneum
498 1192 578 1240 est,
618 1191 822 1228 Horatium
854 1202 933 1228 non
966 1191 1096 1240 prius,
1137 1201 1253 1239 quam
1289 1191 1486 1228 Antonius

159 1252 364 1297 superatus
391 1252 683 1300 exstinctusque
711 1254 837 1302 esset,
873 1263 897 1289 a
922 1253 1150 1289 Maecenate
1175 1254 1354 1298 rogatum
1377 1252 1488 1289 insti-

157 1311 364 1359 gatumque
399 1323 504 1362 esse,
541 1315 584 1349 ut
620 1314 796 1351 Caesaris
834 1314 1015 1351 victorias
1050 1312 1266 1350 celebraret
1299 1313 1488 1351 carmine:

158 1371 214 1408 ita
240 1383 261 1409 e
287 1384 343 1409 vs.
374 1372 432 1409 11.
461 1377 502 1410 et
529 1375 610 1412 12.:

456 1457 508 1463 —
558 1437 694 1484 Tuque
719 1435 968 1484 pedestribus

357 1495 475 1532 Dices
502 1496 675 1534 historiis
701 1497 850 1546 proelia
878 1498 1070 1547 Caesaris,

358 1556 587 1609 Maecenas,
615 1559 775 1608 melius,
803 1561 1005 1607 ductaque
1026 1568 1102 1605 per
1125 1559 1216 1597 vias

557 1621 714 1668 Reyum
740 1621 845 1657 colla
870 1620 1106 1668 minacium,

160 1673 313 1712 abunde
339 1680 449 1725 patet
474 1679 589 1716 odam
614 1682 704 1728 post
728 1680 921 1728 triplicem
947 1680 1101 1717 demum
1119 1679 1370 1731 triumphum,
1396 1680 1489 1718 Dal-

160 1737 363 1788 maticum,
393 1740 596 1777 Actiacum
621 1743 661 1777 ct
685 1741 992 1779 Alexandrinum
1018 1752 1151 1777 mense
1178 1741 1314 1778 Sextili
1340 1753 1374 1778 a.
1401 1742 1487 1779 ¹725.

159 1807 183 1833 a
211 1798 375 1835 Caesare
410 1812 460 1837 ex
493 1801 653 1838 Oriente
686 1801 828 1838 reduce
862 1804 990 1838 actum
1030 1803 1214 1851 scriptam
1247 1813 1346 1840 esse.
1405 1803 1490 1842 Nec

160 1859 279 1896 multo
304 1862 519 1913 posteriore
546 1865 719 1911 tempore
745 1863 892 1911 potuit.·
935 1864 1037 1902 Nam
1062 1865 1228 1912 primum
1254 1864 1489 1902 Octavianus

161 1919 387 1967 simpliciter
413 1923 553 1960 dicitur
583 1925 734 1962 Caesar
759 1936 795 1962 v,
826 1925 884 1961 10.
936 1925 1090 1963 Deinde
1117 1937 1205 1962 cum
1230 1927 1321 1975 post
1346 1926 1488 1964 acutis-

160 1979 278 2017 simas
313 1981 593 2031 disputationes
632 1985 818 2035 Bentleji,
859 1986 1084 2023 Buttmanni
1123 1985 1306 2039 (Mythol.
1345 1987 1420 2024 vol.
1455 1988 1485 2026 Ι.

160 2051 198 2087 p.
226 2042 331 2092 340.)
367 2047 406 2080 et
430 2046 642 2083 Weicherti
678 2045 799 2094 (poet.
827 2047 894 2083 rel.
923 2058 960 2095 p.
990 2048 1062 2083 462
1097 2068 1148 2076 -«
1171 2047 1254 2096 74.)
1293 2058 1372 2084 non
1395 2058 1485 2096 pos-

161 2101 213 2137 sit
239 2102 407 2141 dubitari
432 2107 525 2153 quin
552 2117 585 2143 v,
616 2108 673 2144 13.
701 2108 939 2157 Licymniae
963 2108 1119 2145 nomine
1146 2107 1297 2153 signata
1321 2108 1373 2144 sit
1406 2109 1484 2145 Te-

159 2165 310 2213 remia,
344 2167 600 2213 pulcherrima
638 2168 876 2205 Maecenatis
914 2180 1031 2206 uxor:
1070 2168 1144 2204 hoc
1181 2167 1308 2204 minus
1347 2168 1486 2216 opinor

161 2223 338 2274 fallimur,
366 2228 399 2263 si
425 2228 474 2265 ob
501 2239 536 2265 v.
566 2228 624 2265 15.
652 2230 691 2264 et
709 2229 782 2278 16„
809 2229 1004 2277 inquibus
1024 2229 1157 2278 „bene
1179 2231 1333 2266 mutuis
1353 2228 1484 2276 fidum

159 2289 299 2331 pectus
344 2288 580 2326 amoribus“
615 2290 820 2327 Terentiae
867 2290 1072 2339 tribuitur,
1128 2290 1253 2326 totum
1295 2289 1483 2336 juvenilis

163 2346 368 2383 uxorculae
402 2351 650 2395 praeconium
679 2352 822 2398 primis
853 2353 943 2389 initi
966 2352 1212 2388 matrimonii
1246 2353 1367 2388 annis
1392 2363 1482 2389 con-

162 2406 295 2443 venire
329 2408 581 2463 arbitramur,
614 2422 689 2460 quo
723 2412 864 2448 certius
899 2413 1137 2460 compertum
1161 2411 1366 2462 habemus,
1401 2423 1484 2450 mu·

162 2468 271 2505 tuum
287 2469 485 2518 utriusque
504 2473 674 2518 conjugis
694 2483 863 2509 amorem
880 2473 1105 2521 saepissime
1118 2472 1315 2509 refrixisse
1332 2475 1482 2524 postea,

165 2530 204 2564 et
229 2530 329 2567 mala
355 2530 566 2581 discordia,
605 2533 795 2580 zelotypia
819 2545 864 2570 ac
889 2535 1050 2582 perfidia
1083 2533 1279 2571 turbatum
1316 2534 1481 2572 intenu-

163 2591 348 2640 ptumque
381 2601 478 2632 esse.
542 2594 653 2632 Nunc
687 2604 773 2631 cum
799 2594 1004 2632 Maecenas
1038 2597 1080 2632 et
1112 2595 1294 2634 Terentia
1318 2596 1419 2635 intra
1444 2607 1478 2634 a.
