1643 2959
657 183 934 224 —120—

127 293 197 345 51,
224 294 285 332 23.
337 294 396 330 lta
434 291 661 336 intelligitur
699 290 872 326 curiosos
912 290 1088 326 homines
1129 301 1178 326 ex
1213 290 1376 329 Horatio
1415 289 1462 326 de

127 355 245 394 Dacis
271 365 351 392 non
376 356 465 390 ante
493 361 580 387 ann.
599 351 685 388 723.
705 351 959 400 quaesivisse,
987 349 1163 397 potuisse
1189 353 1319 388 autem
1345 362 1463 400 quae-

128 427 213 454 rere
239 417 313 453 fine
340 415 376 451 h.
406 425 442 450 a.

228 476 375 514 Eodem
410 477 584 523 tempore
620 486 747 511 sermo
783 486 868 511 esse
911 473 1085 522 potuerit
1126 483 1287 509 necesse
1323 476 1384 509 est
1417 476 1467 512 de

125 540 307 588 praedie's
339 547 449 585 quae
488 537 641 574 Caesar
674 537 867 575 militibus
897 536 1134 583 promiserit.
1187 534 1248 571 Ita
1273 544 1367 570 vero
1394 537 1468 572 est.

129 601 228 638 Nam
255 609 342 635 cum
370 599 514 635 Caesar
539 601 628 646 post
654 609 824 646 pugnam
859 597 1060 634 Actiacam
1095 598 1134 632 et
1169 606 1258 645 eos,
1294 595 1362 643 qui
1396 595 1468 632 sub

128 660 300 698 Antonio
327 660 608 709 militaverant,
646 662 685 696 et
719 671 812 696 vero
848 659 967 695 etiam
994 669 1083 694 suos
1111 657 1152 693 in
1177 657 1331 693 Italiam
1357 655 1470 693 dimi-

130 722 267 772 sisset,
294 733 366 758 nee
394 722 461 758 ulli
488 721 700 770 quidquam
728 720 921 770 dodisset,
949 722 993 756 ut
1019 721 1139 756 refert
1164 719 1241 756 Dio
1271 719 1378 756 Cass.
1407 717 1470 767 51,

129 785 180 834 3.
209 783 438 830 gravissima
462 785 735 820 veteranorum
763 782 903 819 seditio
931 781 972 818 in
997 781 1113 817 Italia
1139 782 1225 817 orta
1244 782 1318 830 est,
1347 790 1471 828 eaque

128 847 258 895 tanta,
300 847 343 881 ut
385 845 469 893 ipse
505 844 555 880 ad
590 855 675 880 eam
703 843 1025 892 compescendam
1051 842 1183 879 media
1221 842 1351 878 hieme
1379 851 1470 878 ann.

130 906 334 943 723—24.
362 903 461 958 (Dio
488 905 550 955 51,
579 906 615 942 4.
641 905 857 954 μεσοῦντος
884 904 954 941 τοῦ
983 904 1179 955 ’χειμῶιος
1206 899 1247 940 ἒν
1273 894 1311 953 (ᾖ
1334 899 1380 940 τὸ
1408 903 1472 940 τὲ-

128 980 274 1018 ταρτον
298 965 400 1016 μετὰ
427 965 605 1016 ῙΙΙοίρκου
633 965 827 1016 Κράσσου
857 959 990 1018 ἦρχεν)
1027 977 1076 1002 ex
1101 965 1198 1002 Asia
1223 941 1473 1001 Brundisium

130 1031 326 1078 profectus
354 1028 486 1076 ibique
514 1030 772 1064 commoratus
809 1027 881 1075 sit,
920 1026 1042 1063 donec
1078 1025 1274 1062 desideria
1307 1025 1474 1062 militum

131 1090 315 1138 explevit.
369 1090 456 1133 Qua
498 1090 650 1125 rationo
688 1088 971 1137 stipendiorum
1006 1087 1180 1136 praemia
1215 1087 1263 1123 iis
1299 1087 1473 1136 solverit,

133 1151 316 1189 discimus
345 1163 394 1188 ex
420 1151 537 1188 Dion.
568 1151 675 1188 Cass.
703 1150 765 1200 51,
794 1151 851 1187 4.:
886 1150 951 1188 καῖ
987 1147 1118 1186 αὐτῶν
1145 1147 1167 1185 ὁ
1194 1146 1356 1200 Καῖσαρ
1391 1148 1475 1193 τοῖς

130 1212 204 1263 μὲν
231 1211 366 1259 ἄλλοις
387 1212 576 1263 χρήματα
603 1209 724 1250 ἔδωκε
728 1241 744 1258 ,
781 1213 867 1257 τοῖς
902 1207 945 1248 δὲ
981 1206 1046 1247 διὰ
1086 1207 1234 1255 παντὸς
1261 1207 1374 1259 αὐτῷ
1398 1219 1471 1246 συ-

133 1277 401 1325 στρατεύσασι
428 1275 509 1310 καῖ
543 1270 630 1322 γῆν
663 1275 989 1327 προσκατένειμε.
1025 1268 1138 1316 τοὺς
1164 1267 1257 1323 γὰρ
1285 1266 1475 1319 δήμους

132 1333 248 1382 τούς
283 1331 330 1373 ἒν
364 1335 621 1391 τῇἸταλία
649 1334 763 1381 τούς
791 1333 847 1377 τὰ
876 1334 962 1372 τοῦ
991 1331 1264 1370 Ἀντωνίου
1292 1331 1476 1383 φρονή-

133 1408 318 1443 σαντας
354 1393 635 1446 ἐξοικίσας,
667 1397 774 1442 τοῖς
803 1395 891 1445 μὲν
922 1395 1267 1444 στρατιώταις
1302 1395 1390 1440 τάς
1423 1405 1474 1432 τε

133 1458 311 1504 πόλεις
337 1460 419 1496 καῖ
445 1456 501 1496 τὰ
518 1460 678 1509 χωρία
696 1457 858 1495 αὐτῶν
875 1453 1173 1507 ἐχαρίσατο.
1192 1451 1347 1493 ἐκείνων
1365 1451 1407 1493 δὲ
1427 1451 1474 1503 δὴ

132 1521 215 1566 τοῖς
252 1519 326 1569 μὲν
368 1521 527 1558 πλείοσι
570 1522 628 1571 τό,
635 1531 673 1557 τε
699 1516 946 1571 Δυῤῥαχιοι,
994 1519 1060 1554 καῖ
1098 1530 1190 1562 τους
1233 1514 1476 1563 Φιλίππους,

135 1579 239 1618 ἄλλα
265 1594 306 1618 τε
333 1577 501 1620 ἕποικεῖι
535 1577 746 1618 ἀπέδωκε.
784 1581 867 1625 τοῖς
902 1576 945 1617 δὲ
979 1578 1137 1624 λοιποῖς
1172 1576 1361 1630 ἀργύριον
1388 1577 1476 1615 dm

133 1642 201 1690 τῆς
221 1641 358 1694 χώρας
385 1641 431 1680 τὸ
456 1642 530 1693 μὲν
564 1641 712 1691 ἕιειμε,
748 1640 794 1679 τὸ
830 1638 868 1679 δ’
903 1639 1111 1690 ὑπέσχετο.
1148 1637 1271 1689 συχιά
1298 1639 1371 1688 μὲν
1396 1637 1474 1692 γάρ

134 1705 201 1741 καὶ
227 1701 267 1741 ἐκ
293 1718 360 1752 της
386 1707 490 1752 ιίκης
516 1701 725 1750 ἐκτήσατο,
754 1700 893 1752 πολλῷ
919 1698 960 1739 δὲ
987 1700 1043 1739 ἐτι
1070 1701 1194 1738 πλείω
1222 1700 1414 1748 &mmm
1424 1720 1476 1730 -·

134 1766 266 1803 Rebus
300 1767 355 1802 ita
391 1766 615 1814 compositis
654 1768 744 1813 post
778 1765 937 1811 triginta
972 1763 1056 1800 dies
1091 1759 1240 1813 (Dione
1276 1765 1376 1799 teste
1411 1763 1476 1813 51,

135 1823 216 1880 5.),
244 1829 311 1863 aut
346 1830 435 1876 post
475 1830 625 1876 septem
664 1830 704 1863 et
743 1827 881 1873 viginti
920 1821 1100 1877 (Sueton.
1138 1826 1274 1862 Octav.
1312 1821 1394 1878 17.)
1434 1825 1477 1862 in

135 1889 271 1926 Asiam
298 1889 497 1926 celerrimo
532 1890 711 1926 revectus
748 1891 818 1925 est.
871 1889 959 1925 ,Iam
1002 1898 1088 1924 cum
1133 1887 1217 1923 loco
1259 1887 1476 1924 Horatiano

138 1950 299 1998 praedia
333 1951 510 1987 dicantur
541 1953 768 1999 promissa,
811 1952 986 1986 necdum
1029 1951 1149 1997 dala,
1191 1947 1353 1986 dubium
1386 1957 1474 1984 esse

137 2011 273 2059 nequit
299 2012 392 2059 quin
420 2013 539 2049 satira
566 2015 647 2048 tum
674 2012 819 2059 scripta
847 2011 918 2060 sit,
954 2021 1041 2047 cum
1069 2009 1217 2046 dimissi
1243 2009 1386 2045 milites
1413 2011 1473 2044 tu-

137 2073 419 2110 multuarentur
445 2075 482 2111 h.
511 2086 543 2110 e.
572 2074 726 2110 labente
754 2085 788 2110 a.
818 2073 902 2108 723.
930 2074 1023 2109 Jure
1051 2073 1181 2108 autem
1207 2069 1371 2107 Romani
1393 2069 1473 2106 Ho-

138 2134 279 2171 ratium
312 2135 552 2182 interrogare
588 2137 790 2183 poterant,
827 2134 1043 2170 Siculanme
1078 2143 1128 2169 an
1161 2132 1297 2168 Italam
1329 2134 1474 2168 terram

140 2195 372 2232 Octavianus
400 2197 587 2248 militibus
614 2196 773 2232 daturus
802 2197 925 2243 esset,
962 2195 990 2231 ii
1017 2193 1215 2242 inprimis,
1251 2192 1317 2240 qui
1350 2192 1473 2229 Anto-

138 2257 264 2293 nianis
299 2259 473 2305 partibus
509 2260 704 2307 faverant,
749 2256 877 2293 fundis
913 2256 992 2292 suis
1029 2256 1210 2291 timentes
1239 2257 1278 2290 et
1313 2264 1470 2302 praesa-

139 2318 288 2363 gientes
316 2319 416 2355 mala
443 2320 520 2368 illa,
550 2331 648 2368 quae
675 2330 777 2355 nova
803 2328 980 2364 agrorum
1010 2316 1200 2353 divisione
1220 2316 1321 2352 sacta
1335 2325 1473 2354 revera

139 2379 468 2427 perpetiebantur.

240 2440 418 2489 Denique
453 2453 487 2478 a.
525 2442 609 2479 723.
645 2443 821 2489 vergenti
856 2442 1010 2488 egregie
1052 2439 1253 2487 convenit,
1295 2437 1399 2485 quod
1431 2449 1470 2476 v·

140 2500 201 2538 38.
229 2501 414 2550 scriptum
441 2504 520 2539 est:
574 2505 806 2552 „Inprimat
829 2505 911 2551 lais,
947 2513 1072 2551 cura,
1104 2501 1326 2538 Maecenas
1350 2501 1472 2548 siqua

140 2563 339 2601 tabellisf‘
383 2564 537 2602 Etenim
563 2566 804 2614 Maecenas,
837 2562 982 2600 Romae
1017 2563 1057 2599 et
1082 2560 1217 2598 Italiae
1245 2563 1325 2598 tum
1359 2571 1470 2609 prae·

1611 798 1626 856 Αἰ·
