1679 2948
691 271 968 312 „fig-

173 396 209 434 p.
247 384 318 422 313
355 394 409 431 sq.
447 382 591 431 optime
627 379 805 427 probavit
841 379 1039 416 Kirchncr.
1077 379 1117 414 in
1152 380 1297 425 quaest.
1335 389 1371 426 p.
1401 378 1434 414 8.
1464 375 1500 428 ξ.

176 447 219 483 17
239 446 360 482 -23,
390 446 428 480 et
454 454 491 491 p.
519 443 578 477 30.
606 438 643 490 ξ.
672 441 720 476 56
737 461 787 467 -
804 440 863 475 59.
918 438 1016 474 Mihi
1043 449 1121 474 non
1140 439 1297 474 dubium
1324 442 1384 476 est
1399 435 1503 487 quin

174 507 246 544 tria
275 507 338 543 illa
365 503 557 541 volumina
584 512 660 537 uno
697 504 736 537 et
771 500 907 537 eodem
941 502 1115 546 tempore
1142 500 1373 547 conjunctim
1400 500 1504 536 edita

175 569 252 604 sint
285 578 318 603 a.
355 566 439 601 730.
475 563 537 599 vel
571 562 678 612 731.‚
715 572 801 598 eum
835 572 913 597 non
949 561 1072 597 solum
1107 562 1231 609 primo
1265 564 1305 597 et
1336 559 1504 597 seeundo

175 629 319 664 inserta
353 626 430 661 sint
464 624 655 672 carmina,
692 633 789 670 quae
825 634 847 659 a
883 622 967 658 730.
996 624 1101 658 certo
1127 626 1213 659 orta
1239 623 1328 659 sunt
1354 616 1438 672 (od.
1469 621 1504 669 1,

173 688 233 724 24.
269 687 314 735 2,
342 686 428 737 4.),
464 685 534 721 sed
568 685 609 720 in
643 685 758 720 tertio
794 684 911 719 ctiam
946 683 1215 732 inveniantur,
1252 693 1351 731 quae
1385 681 1505 718 multo

173 750 262 785 ante
302 748 409 784 illum
446 757 588 783 annum
627 742 711 794 (od.
740 746 785 794 3,
812 744 881 795 6.).
943 744 1106 781 Etiamsi
1142 755 1234 781 vero
1274 743 1361 791 quis
1399 742 1506 778 litem

174 811 348 859 moveat,
385 807 487 856 quod
521 807 620 845 liber
655 805 846 843 secundus
890 806 1083 853 epilogum
1118 806 1260 842 habeat
1295 807 1335 840 et
1368 802 1506 839 tertius

174 870 321 919 prologi
348 869 540 918 speeiem,
576 869 630 904 ita
658 870 700 904 ut
726 867 788 904 hie
824 867 1032 914 separatim
1067 867 1232 903 emissus
1268 876 1355 902 esse
1391 866 1507 912 queat

174 931 316 968 videri:
351 931 482 967 neseio
518 932 649 966 tamen
683 939 733 964 au
768 928 830 964 vel
865 939 914 964 ex
941 939 1009 977 es),
1045 928 1149 975 quod
1177 927 1283 964 tertii
1309 926 1397 962 libri
1426 925 1507 973 epi-

172 993 282 1040 logus
310 992 463 1029 sublimi
491 1002 560 1027 sua
585 992 723 1026 natura
748 989 821 1024 toti
840 989 961 1034 magis
981 989 1132 1036 corpori
1151 998 1265 1036 quam
1283 987 1350 1023 nni
1377 985 1508 1022 libello

173 1053 353 1090 convenit
379 1055 418 1089 et
443 1053 553 1100 quod
577 1053 716 1088 eodem
742 1053 868 1086 metro
895 1052 1137 1097 compositus
1172 1054 1231 1086 est
1263 1058 1344 1097 quo
1367 1047 1508 1094 prolo-

171 1126 249 1163 yus
271 1115 394 1161 primi
394 1141 411 1162 2
438 1112 650 1149 communis
678 1111 842 1147 liborum
862 1110 982 1148 editio
1004 1111 1223 1146 verisimilis
1250 1110 1315 1145 fiat
1341 1111 1381 1144 et
1407 1118 1508 1144 eom-

174 1175 367 1224 probetur.
422 1174 664 1220 Quamquam
691 1172 771 1208 fieri
799 1172 946 1221 potuit,
974 1174 1016 1208 ut
1043 1182 1119 1207 uno
1147 1172 1208 1207 vel
1235 1170 1385 1207 duobus
1403 1179 1508 1205 men-

174 1237 280 1273 sibus
307 1237 395 1283 post
422 1234 547 1270 editos
574 1234 722 1282 priores
750 1233 870 1269 libros
889 1234 991 1269 foras
1019 1233 1177 1269 daretur
1195 1231 1344 1267 tertius.
1397 1229 1508 1267 Unde

175 1297 317 1334 dixerit
343 1296 535 1344 quispiam
562 1295 766 1331 Horatium
784 1293 833 1330 ad
853 1294 1064 1341 permirum
1083 1303 1238 1329 carmen
1264 1291 1352 1328 libri
1379 1291 1426 1327 11.
1447 1290 1506 1326 20.

170 1357 293 1407 „Non
318 1358 496 1395 usitata„
516 1355 762 1393 scribendum
780 1355 988 1404 impulsum
1007 1365 1103 1392 esse.
1158 1353 1364 1401 Nequeunt
1381 1355 1510 1388 tamen

175 1420 268 1456 haee
293 1419 423 1455 omnia
449 1417 648 1455 evidenter
674 1416 942 1453 demonstrari.

274 1480 419 1516 Sufficit
461 1479 654 1528 tenuisse,
695 1480 775 1514 tres
815 1478 1028 1514 carminum
1067 1479 1186 1515 libros
1225 1477 1275 1514 ad
1313 1487 1348 1513 a.
1388 1485 1510 1524 usque

174 1552 210 1577 u.
239 1551 271 1578 e.
291 1541 376 1577 731.
405 1545 509 1579 cerlo
535 1538 735 1586 confectos
757 1537 908 1586 sitisse,-
936 1539 1169 1587 cosdemque
1195 1538 1410 1576 verisimile
1426 1547 1512 1574 esse

175 1601 246 1639 sub
286 1601 390 1638 idem
423 1604 576 1649 tempus
616 1611 692 1637 uno
732 1600 926 1637 volumine
961 1600 1002 1636 in
1037 1602 1115 1636 tres
1150 1602 1282 1647 partes
1318 1597 1443 1635 diviso
1469 1597 1510 1633 in

174 1664 298 1700 lucem
332 1662 536 1710 prodiisse.
597 1662 800 1708 Utcunque
835 1663 965 1696 tamen
1000 1660 1142 1696 edendi
1175 1659 1276 1697 ratio
1303 1659 1396 1709 fuit,
1432 1669 1511 1695 non

174 1724 229 1760 ita
263 1723 382 1759 multo
418 1725 506 1770 post
532 1722 812 1758 confectionem
840 1721 1024 1757 Horatius
1054 1721 1212 1757 Caesari
1239 1722 1415 1766 Augusto
1441 1731 1510 1757 no-

174 1795 262 1821 vam
296 1784 471 1830 syllogen
506 1783 657 1819 misisse
695 1781 867 1831 videtur,
903 1784 946 1818 ut
972 1784 1081 1829 patet
1108 1794 1156 1818 ex
1183 1782 1348 1829 epistola
1378 1781 1420 1831 1,
1451 1781 1508 1819 13.

168 1844 302 1890 jocose
351 1845 402 1881 ad
440 1844 596 1881 Vinium
644 1842 815 1879 Asellam
853 1843 1033 1879 nuntium
1073 1843 1230 1891 scripta.
1305 1843 1382 1885 Qui
1422 1853 1509 1880 eum

172 1908 336 1954 siynata
362 1907 569 1943 volumina
586 1899 649 1955 ²¹)
677 1914 746 1951 per
780 1903 921 1953 clivos,
959 1904 1137 1952 flumina,
1173 1904 1282 1940 lanas
1313 1903 1362 1940 ad
1389 1903 1509 1952 impe-

174 1965 341 2003 ratorem
368 1967 537 2014 perferre
557 1964 690 2010 jussus
709 1963 781 2012 sit,
809 1975 858 2000 ex
885 1965 974 2000 villa
1000 1966 1138 2012 opinor
1164 1965 1306 2002 Sabina
1331 1965 1510 2011 migravit

175 2027 355 2075 Romam,
383 2026 449 2062 ubi
477 2028 558 2062 tum
583 2026 782 2072 Augustus
817 2037 866 2061 cx
891 2026 1079 2074 Hispania
1114 2026 1235 2062 redux
1270 2026 1506 2062 versabatur.

175 2088 232 2125 Ea
258 2089 388 2124 autem
422 2089 549 2123 aetate
585 2086 767 2133 quoniam
795 2097 910 2134 saepe
938 2087 1185 2135 aegrotabat,
1213 2097 1291 2123 non
1317 2086 1441 2123 solum
1467 2087 1508 2125 in

175 2148 363 2196 Hispania
402 2147 471 2184 sed
511 2147 629 2182 etiam
670 2147 814 2183 Romae
855 2147 1083 2192 gravissimo
1131 2147 1265 2184 morbo
1307 2149 1507 2195 correptus

176 2209 290 2256 paulo
325 2210 433 2258 post,
469 2207 711 2255 aptissimum
747 2209 830 2243 crat
864 2207 967 2254 quod
994 2208 1178 2244 Horatius
1208 2207 1409 2244 tabellario
1436 2218 1509 2244 suo

176 2269 382 2307 inculcavit
408 2268 596 2306 monitum
624 2280 658 2304 V.
687 2268 744 2305 3.:

375 2330 578 2379 „Augusto
604 2329 743 2365 reddes
771 2330 921 2376 signata
947 2331 1162 2380 volumina,
1193 2331 1305 2379 Vini,

373 2390 413 2427 Si
439 2392 619 2440 validus,
646 2390 679 2426 si
704 2392 835 2428 laetus
860 2391 954 2440 crit,
982 2393 1014 2428 si
1043 2392 1208 2440 denique
1234 2391 1406 2439 poscet.”

178 2453 290 2489 Anno
316 2451 399 2488 732.
436 2451 562 2489 medio
596 2451 792 2498 Augustus
828 2463 960 2489 rursus
995 2453 1151 2501 reliquit
1184 2453 1355 2490 Romam.
1419 2451 1504 2495 Qua

267 2605 325 2647 21)
349 2607 489 2638 Libellos
513 2608 560 2645 (v.
578 2607 643 2647 4.),
669 2608 817 2638 librorum
835 2608 1017 2639 fasciculum
1037 2610 1084 2641 (v.
1109 2607 1191 2644 13).
1216 2609 1395 2642 carmina.
1419 2617 1502 2650 quae

179 2651 299 2692 possint
321 2652 428 2683 oculos
451 2661 608 2693 auresque
632 2654 746 2683 morari
772 2652 922 2683 Caesaris
946 2654 994 2684 (v.
1022 2652 1100 2694 12).
1127 2673 1167 2676 —-
