1643 2959
699 237 986 280 ...135-

177 347 270 394 ruit,
299 345 365 393 qui
391 347 546 383 {uerunt
574 348 615 384 C.
645 348 824 386 Caesaris
852 349 1140 398 interfectores,
1167 349 1238 386 sub
1267 348 1408 397 quibus
1434 349 1513 386 Ho-

177 407 296 445 ratius
324 407 544 445 militavit.²⁷

279 529 507 567 EPODUS
541 531 691 568 xxm.
735 534 955 582 „Jamjam
989 532 1175 582 efficace'72
1210 538 1299 584 post
1336 535 1448 583 epod.
1478 535 1510 572 5.

177 592 217 627 et
243 591 320 628 Sat.
353 593 394 642 l,
423 592 457 629 8.
487 592 689 630 evidenter
715 595 952 643 compositus
980 592 1048 649 (cs.
1075 607 1174 645 quae
1193 596 1274 633 dixi
1292 595 1339 633 de
1359 607 1419 644 ep.
1441 592 1513 648 5.),

177 652 348 689 omnium
375 654 588 702 epodorum
613 655 847 692 novissimus
875 657 970 693 mihi
998 657 1150 694 videtur
1177 669 1275 694 esse.
1329 656 1514 694 Horatius

177 714 279 750 enim
314 715 487 752 libellum
522 716 770 762 evulgaturus
807 718 955 754 ironica
990 718 1062 755 hac
1097 718 1295 766 palinodia
1331 719 1413 755 sive
1450 717 1516 754 de-

177 776 402 823 precatione
437 776 623 813 emollivit
657 777 941 824 quodammodo
977 782 1015 815 et
1050 779 1091 816 in
1124 779 1252 815 lusum
1282 779 1401 815 vertit
1427 789 1516 816 con-

175 837 381 873 tumeliosa
416 840 455 873 et
489 837 630 874 acerba
662 838 728 873 illa
755 839 947 887 carmina,
985 849 1083 886 quae
1110 840 1382 877 Archilochica
1408 840 1516 876 rabie

175 897 216 934 in
242 898 431 934 misellam
459 897 662 935 Canidiam
687 897 862 948 fuderat,
891 910 967 948 quo
995 900 1138 936 certius
1166 912 1245 937 non
1273 901 1397 938 solum
1422 901 1516 937 insi-

176 959 308 996 diosae
351 959 646 996 malevolentiae
691 959 857 1010 crimen,
911 959 981 997 sed
1033 961 1149 998 etiam
1192 962 1270 998 iras
1318 961 1517 997 hominum

175 1022 291 1068 atque
335 1020 426 1057 odia
466 1020 667 1056 devitaret.
747 1022 938 1065 Quocirca
977 1021 1050 1058 hoc
1089 1033 1246 1059 carmen
1279 1023 1363 1069 jam
1401 1033 1517 1070 supra

177 1081 389 1128 significavi
429 1093 463 1120 a.
505 1081 661 1119 circiter
704 1081 788 1119 724.
840 1084 1026 1132 scriptum
1078 1083 1291 1132 eodemque
1341 1086 1516 1131 tempore

187 1155 274 1180 cum
309 1144 473 1180 caeteris
510 1144 612 1180 foras
650 1142 782 1180 datum
817 1156 915 1181 esse.
969 1144 1099 1181 Facile
1135 1148 1265 1182 tamen
1293 1145 1431 1193 aliquis
1460 1155 1514 1181 vs.

176 1205 222 1242 21
238 1205 383 1242 —24.:

378 1267 523 1316 „Fugit
544 1266 727 1313 juventas
756 1270 796 1304 et
823 1267 1065 1304 verecundus
1093 1268 1199 1305 color

375 1328 548 1376 Reliquit
574 1340 664 1366 ossa
690 1329 791 1378 pelle
820 1328 962 1366 amicta
988 1329 1136 1378 lurida,

378 1391 476 1428 Tuis
503 1392 675 1437 capillus
705 1391 823 1428 albus
849 1395 909 1429 esc
933 1391 1146 1440 odoribus,

376 1451 533 1488 Nullum
559 1462 583 1488 a
607 1451 739 1488 labore
766 1462 827 1488 me
855 1452 1016 1489 reclinat
1043 1452 1211 1501 otium,''

177 1524 223 1550 eo
263 1524 304 1550 se
345 1523 483 1562 passus
523 1513 640 1549 fuerit
680 1513 843 1563 adduci,
885 1516 928 1550 ut
969 1513 1137 1562 epodum
1177 1515 1269 1549 ante
1305 1522 1393 1550 ann.
1431 1511 1514 1548 729.

177 1574 294 1612 scribi
332 1574 507 1622 potuisse
547 1576 689 1624 neget,
738 1577 782 1610 ut
830 1585 907 1622 quo
954 1577 1094 1623 poetae
1142 1574 1272 1622 capilli
1313 1584 1517 1610 canescere

177 1635 377 1684 coeperint
411 1632 488 1688 (cf.
517 1646 604 1683 pag.
633 1632 739 1688 60.).
792 1636 926 1684 anue
961 1648 1024 1673 res
1060 1637 1101 1672 in
1135 1646 1274 1673 caussa
1307 1635 1428 1671 fuisse
1462 1634 1518 1670 vi-

178 1697 311 1746 detur,
348 1699 391 1734 ut
416 1697 566 1733 weich.
604 1708 641 1745 p.
678 1698 745 1734 rel.
784 1709 821 1745 p.
851 1699 935 1734 454.
964 1700 1044 1735 not.
1074 1697 1133 1733 42.
1187 1695 1351 1745 Epodon
1380 1694 1519 1733 editio-

176 1769 266 1795 nem
301 1759 342 1795 in
377 1769 464 1795 ann.
494 1758 579 1795 729.
615 1760 819 1796 conferret.
873 1759 950 1796 Sed
983 1759 1109 1796 habeo
1144 1769 1220 1806 quo
1256 1756 1521 1795 commendem

178 1831 305 1857 meam
344 1820 591 1857 sententiam.
660 1821 834 1858 Primum
872 1821 1063 1857 incertum
1102 1823 1185 1869 est,
1234 1821 1364 1855 utrum
1404 1819 1519 1866 poeta

177 1893 314 1920 revera
341 1893 383 1919 se
410 1884 538 1918 aetate
564 1881 848 1930 provectiorem
874 1882 1088 1929 significare
1107 1881 1286 1930 voluerit,
1315 1890 1364 1916 an
1390 1877 1519 1928 lepide

179 1943 333 1980 finxerit
361 1943 577 1989 juvenilem
610 1943 784 1989 vigorem
820 1945 859 1980 et
893 1943 1074 1980 ruborem
1103 1941 1288 1979 Canidiae
1325 1942 1408 1977 arte
1440 1951 1520 1976 ma·

181 2005 267 2052 gica
303 2007 343 2041 et
368 2004 699 2041 incantationibus
727 2004 883 2051 fugisse.
938 2003 1093 2042 Deinde
1121 2014 1209 2040 cum
1233 2002 1340 2039 nulla
1367 2001 1519 2050 epodon

181 2067 314 2113 ecloga
353 2068 442 2114 post
481 2077 569 2104 ann.
615 2066 699 2103 724.
745 2066 890 2114 scripta
929 2065 1000 2115 sit,
1044 2064 1298 2113 improbabile
1335 2066 1394 2100 est
1428 2073 1520 2111 epo-

181 2129 272 2165 dum
309 2128 368 2165 17.
405 2129 530 2165 solum
563 2139 703 2175 magno
738 2127 923 2176 temporis
959 2127 1086 2175 spatio
1121 2138 1145 2163 a
1187 2125 1346 2174 reliquis
1392 2124 1519 2171 sejun-

180 2191 286 2227 ctum
329 2191 370 2226 et
404 2192 530 2226 totum
570 2190 713 2227 librum
761 2189 872 2227 brevi
914 2191 1004 2225 ante
1046 2188 1258 2226 carminum
1309 2185 1519 2223 editionem

182 2251 424 2298 divulgatum
462 2263 561 2289 esse.
626 2252 806 2301 Denique
854 2250 1081 2288 incredibile
1122 2252 1182 2286 cst
1222 2248 1428 2285 Horatium
1470 2246 1520 2284 ad

182 2324 270 2351 ann.
311 2324 435 2361 usque
474 2314 559 2351 729.
602 2313 638 2351 h.
673 2326 705 2352 e.
747 2325 819 2362 per
857 2312 1078 2362 quindecim
1117 2312 1197 2348 fere
1241 2320 1362 2346 annos
1407 2308 1520 2347 cani-

179 2375 271 2413 diae
298 2375 519 2412 insultasse.
572 2376 631 2412 Eo
667 2378 842 2423 tempore
878 2374 1029 2422 pridem
1055 2385 1077 2410 a
1113 2371 1400 2410 contumeliosis
1421 2371 1520 2417 Jam-

186 2437 245 2474 bis
281 2436 498 2475 scribendis
542 2436 793 2474 abstinuerat.
858 2435 1020 2473 Canidia
1054 2436 1218 2471 sortasse
1247 2433 1330 2481 jam
1371 2433 1520 2469 demor-

188 2499 253 2535 tua
291 2501 386 2536 erat.
441 2499 556 2537 Certe
595 2499 675 2549 ira,
721 2509 797 2547 qua
836 2508 922 2534 eam
955 2496 1121 2543 juvenili
1160 2495 1296 2533 ardore
1337 2493 1519 2542 abreptus

189 2560 446 2610 prosciderat,
503 2560 648 2598 dudum
704 2560 858 2597 videtur
914 2558 1177 2606 deferbuisse,
1230 2555 1421 2604 siquidem
1470 2565 1520 2590 no

191 2619 477 2659 inimicitiarum
521 2622 678 2670 quidem
728 2622 846 2659 ullum
897 2620 1102 2666 vestigium
1159 2619 1258 2654 ultra
1302 2627 1388 2653 ann.
1435 2615 1518 2653 724.
