1643 2959
605 244 880 288 —145—

81 357 185 395 {riae
210 355 419 405 appellatio
445 354 571 393 indita
596 356 895 405 imperatoribus
923 353 962 402 ἕς
987 367 1029 394 τε
1055 353 1170 405 τιμὴν
1194 357 1261 395 καὶ
1277 354 1317 404 ἒς
1332 371 1417 397 πα-

81 419 273 467 ραίνεσιν,
301 417 365 454 ἵνα
391 415 510 455 αὐτοί
531 430 573 455 τε
597 415 690 464 τούς
714 417 955 468 ἀρχομένους
981 416 1035 464 (ὃς
1060 419 1126 455 καῖ
1141 415 1288 465 παῖδας
1312 418 1417 469 ἀγα-

79 476 205 527 πῷεν,
240 479 306 516 καῖ
339 474 478 516 ἐκεῖνοι
513 479 620 530 σφᾶς
655 478 710 525 ιῧς
734 481 800 516 καῖ
826 481 1001 529 πατέρας
1027 475 1238 526 αἰδῶνται,
1277 484 1322 518 ut
1359 482 1416 519 ait

77 540 155 577 Dio
185 542 289 578 Cass.
316 541 378 590 53,
408 540 481 591 18.,
507 560 559 569 —-·
582 540 625 577 in
650 541 870 587 Augustum
894 540 986 577 anni
1012 540 1167 578 demum
1192 542 1277 580 752.
1303 543 1415 580 initio

80 601 221 639 collata
257 605 317 639 est
356 598 535 653 (Sueton.
562 602 622 640 58.
662 603 752 640 Tac.
791 603 892 640 Ann.
934 602 1003 651 11,
1038 602 1097 639 25.
1125 603 1159 640 5.
1197 603 1416 652 interprett.

79 663 195 700 Dion.
221 663 245 700 1.
272 664 296 702 l.
324 664 385 701 ed.
413 665 534 701 Sturz.
568 664 643 701 vol.
669 664 734 702 VI.
760 676 797 712 p.
826 664 884 700 78.
910 665 990 700 not.
1019 660 1137 716 123).
1188 665 1291 702 Julio
1321 666 1416 703 Cae-

80 725 159 761 sari
186 724 343 761 decreta
371 727 455 761 erat
481 737 515 762 a.
543 725 627 762 710.
655 721 724 778 (cf.
759 726 836 763 Dio
872 726 941 776 44,
983 725 1017 761 4.
1057 727 1097 761 et
1137 725 1195 762 48.
1231 727 1292 764 fin.
1331 726 1415 764 Liv.

79 785 172 834 epit.
201 784 306 838 116.)
331 807 383 813 —
407 787 671 833 Imperatoris
698 797 912 832 cognomen
938 787 1150 834 assumpsit
1177 788 1416 824 Octavianus

78 858 112 884 a.
140 847 238 896 725.,
265 849 449 883 narrante
476 846 605 883 Dione
631 846 696 883 lib.
724 847 794 895 52,
825 847 905 884 41.:
952 847 1110 892 „rufini
1152 860 1194 884 τε
1246 847 1268 885 ὁ
1311 848 1419 885 Καῖ-

77 917 176 959 σαρ,
211 908 277 944 καῖ
311 904 389 945 ὅσα
422 920 495 956 μοι
522 905 605 944 ἄνω
632 906 704 944 τοῦ
738 907 860 955 λόγου
896 906 1065 957 εἴρηται,
1102 906 1268 957 ἔπραξεν
1294 905 1334 946 ἒν
1360 909 1419 960 τῷ

75 967 152 1006 ἔτει
178 966 329 1019 ἐκείνῳ,
357 965 397 1006 ἐν
425 960 461 1019 (ᾖ
485 966 531 1006 τὸ
558 970 742 1017 πέμπτον
767 967 985 1014 ὑπάτευσε,
1013 970 1095 1006 καῖ
1121 966 1204 1016 τὴν
1229 970 1318 1007 τοῦ
1342 970 1418 1008 αὐ-

75 1033 387 1082 τοκράτορος
414 1026 681 1077 ἐπίκλησιν
707 1026 942 1067 ἐπέθετο.
978 1029 1079 1079 λέγω
1116 1026 1159 1068 δὲ
1187 1030 1232 1067 οὐ
1259 1029 1329 1079 τὴν
1354 1029 1419 1070 §nc

75 1094 163 1138 ταῖς
188 1095 314 1137 νίκαις
347 1088 449 1128 κατὰ
484 1089 528 1129 τὸ
565 1091 732 1143 ἀρχαῖον
765 1087 971 1140 διδομένην
1005 1093 1109 1129 τισῐν
1142 1088 1306 1143 (ἐκείνην
1339 1090 1418 1145 γὰρ

76 1153 270 1200 πολλάκις
302 1152 376 1202 μὲν
409 1154 476 1190 καῖ
509 1154 722 1204 πρότερον,
758 1153 950 1198 πολλάκις
986 1149 1030 1190 δὲ
1062 1153 1130 1190 καὶ
1153 1152 1319 1205 ὕστερον
1345 1153 1418 1192 ἀπ’

76 1215 208 1253 αὐτῶν
233 1214 313 1252 τῶν
339 1213 464 1266 ἔργων
491 1213 651 1264 ἔλαβεν,
680 1212 783 1252 ὥστε
810 1215 875 1252 καὶ
901 1215 940 1252 ἓν
967 1214 1112 1252 εἴκοσιν
1139 1213 1268 1264 ὄνομα
1295 1215 1418 1253 αὐτο-

76 1276 271 1329 κράτορος
290 1275 430 1329 σχεῖν),
450 1274 577 1313 ἀλλὰ
604 1274 690 1325 τὴν
716 1274 891 1329 ἑτέραν
917 1273 1002 1324 τὴν
1027 1274 1080 1313 τὸ
1108 1277 1292 1328 κράτος
1310 1273 1417 1315 δια-

77 1341 446 1387 σημαίνουσαν,
483 1336 620 1389 ὤσπερ
655 1335 715 1388 τῷ
747 1339 872 1389 πατρὶ
898 1336 1021 1374 αὐτοῦ
1046 1336 1106 1388 τῷ
1138 1337 1317 1389 Καίσαρι
1351 1341 1419 1378 καὶ

74 1401 159 1446 τοῖς
184 1401 304 1437 παισὶ
336 1400 403 1436 καί
436 1401 519 1446 τοῖς
552 1396 726 1448 ἐκγόνοις
759 1395 999 1450 ἕψήφιστο.”
1050 1400 1144 1437 Tale
1172 1400 1267 1448 quid
1292 1402 1417 1438 Hora-

75 1462 153 1498 tius
181 1461 418 1508 significasse
445 1462 602 1497 videtur
624 1463 821 1509 principis
846 1461 1015 1510 nomine,
1045 1472 1121 1509 quo
1147 1472 1268 1510 prave
1296 1462 1416 1498 inter-

75 1525 207 1571 pretes
235 1523 344 1569 ajunt
372 1523 631 1559 Octavianum
666 1534 768 1559 anno
806 1523 961 1559 demum
988 1523 1071 1560 726.
1099 1525 1280 1559 ornatum
1315 1535 1414 1560 esse.

76 1586 164 1629 Quo
198 1595 299 1621 anno
331 1587 523 1631 princeps
555 1589 725 1622 senalus
762 1584 1011 1621 renunciatus
1053 1586 1112 1621 est
1153 1581 1251 1637 (Dio
1279 1585 1349 1634 53,
1379 1585 1414 1622 1.

75 1645 289 1698 πρόκριτος
316 1644 384 1692 τῆς
409 1647 619 1696 γερουσίας
645 1642 879 1695 ἐπεκλήθη.)
917 1648 955 1681 et
991 1657 1183 1682 summum
1208 1646 1416 1693 imperium

77 1709 204 1745 denuo
240 1707 406 1755 sumpsit
439 1708 633 1743 referente
668 1708 796 1744 Dione
824 1707 894 1756 53,
925 1707 1006 1745 11.:
1043 1709 1186 1757 ,μέχρι
1214 1701 1261 1743 οὗ
1294 1721 1415 1755 κατη-

75 1772 279 1818 νάγκασαν
314 1765 438 1815 δῆθεν
473 1766 594 1805 αὐτὸν
628 1767 912 1819 αὐταρχῆσαι.”
963 1769 1143 1816 Denique
1170 1779 1249 1804 non
1275 1768 1417 1805 mirum

77 1834 138 1868 est
173 1830 277 1879 quod
313 1829 548 1867 Octavianus
585 1832 769 1878 tanquam
805 1830 900 1866 deus
936 1830 1154 1867 celebratur
1187 1829 1229 1864 in
1262 1830 1415 1866 Horatii

77 1893 259 1930 carmine.
301 1890 636 1935 Quemadmodum
655 1892 757 1926 enim
778 1891 861 1936 jam
887 1902 921 1927 a.
949 1891 1035 1926 724.
1064 1891 1102 1926 ei
1128 1890 1306 1938 publicae
1334 1891 1414 1939 pri-

76 1957 267 2002 vataeque
292 1953 501 1990 libationes
538 1952 717 1988 decretae
753 1953 864 1987 erant
897 1947 996 2003 (Dio
1023 1952 1094 2001 51,
1123 1952 1181 1988 19.
1210 1952 1272 1989 fin.
1300 1953 1413 1989 ovid.

75 2017 182 2054 Fast.
211 2016 256 2065 2,
284 2010 414 2066 6370:
448 2014 505 2050 ita
530 2013 627 2060 ipsis
657 2013 812 2050 Calend.
840 2014 927 2050 Jan.
963 2024 998 2050 a.
1025 2013 1134 2063 725.,
1171 2013 1330 2050 simulac
1366 2013 1414 2050 de

75 2077 267 2115 Parthicis
300 2076 418 2113 rebus
456 2075 677 2111 nuntiatum
712 2076 792 2124 est,
837 2075 1049 2124 sancitum,
1093 2077 1136 2110 ut
1168 2075 1211 2110 in
1244 2075 1413 2121 hymnos

70 2139 187 2185 juxta
221 2149 309 2175 cum
343 2137 418 2173 diis
453 2135 735 2172 immortalibus
775 2135 1061 2172 adscriberetur
1095 2131 1193 2187 (Dio
1220 2136 1289 2185 51,
1317 2132 1412 2189 20.).

76 2200 172 2238 Inde
200 2199 342 2245 corrigi
371 2198 535 2248 debent,
572 2208 671 2246 quae
706 2197 900 2235 Vanderb.
929 2197 1085 2246 scripsit
1119 2197 1169 2233 ad
1195 2197 1256 2233 od.
1285 2197 1322 2247 3,
1350 2197 1410 2234 25.

76 2262 150 2298 vol.
178 2262 226 2298 ΙΙ.
254 2273 292 2309 p.
322 2260 406 2297 174.

177 2324 307 2366 Quare
344 2324 411 2358 aut
448 2322 579 2359 omnia
616 2323 753 2359 fallunt
792 2324 858 2359 aut
897 2322 1082 2359 Horatius
1118 2321 1192 2358 hoc
1226 2321 1411 2371 carmine,

80 2386 146 2421 cui
171 2387 220 2422 de
243 2386 448 2422 industria
470 2386 648 2430 primam
673 2386 717 2420 in
743 2395 853 2421 nova
879 2385 1031 2433 sylloye
1055 2385 1191 2421 sedem
1217 2386 1412 2431 assiqua-

79 2446 154 2494 rz't,
189 2448 365 2492 primum
411 2445 568 2482 Caesari
612 2445 825 2480 Octaviano
868 2445 1070 2481 immutata
1110 2445 1230 2481 animi
1269 2444 1410 2492 studia,

82 2505 177 2554 quin
204 2507 327 2543 ,etiam
361 2517 531 2543 amorem
571 2517 683 2542 suum
722 2508 761 2542 et
802 2507 976 2543 savorem
1009 2507 1138 2554 palam
1172 2506 1411 2542 contestatus

81 2569 162 2615 est,
202 2567 286 2603 tum
322 2580 408 2605 cum
445 2567 611 2605 Romani
650 2568 842 2616 superatis
867 2568 1039 2604 Antonio
1073 2570 1113 2604 et
1141 2567 1346 2612 Cleopatra
1369 2565 1412 2601 in

82 2628 164 2665 solo
192 2628 404 2667 Octaviano
429 2640 520 2667 mox
555 2640 605 2667 ex
640 2629 801 2666 Oriente
836 2629 1009 2666 redituro
1045 2638 1156 2676 spem
1189 2625 1410 2664 labefactati

1100 2688 1146 2725 10
