1643 2959
630 213 908 257 —179—

97 326 208 364 Ruhe
234 324 505 373 anempfehlen
530 326 689 362 musste.
734 325 784 362 So
801 324 889 362 friih
905 323 976 361 wir
993 323 1076 361 also
1093 323 1192 369 aueh
1219 323 1282 361 die
1299 323 1428 362 Riick-

95 388 196 426 kehr
222 387 291 424 des
324 387 456 435 Pomp.
493 388 677 424 ansetzen
710 388 871 437 mogen,
908 396 951 423 so
985 385 1074 422 darf
1103 385 1159 422 sie
1195 385 1296 423 doch
1321 386 1431 423 nieht

95 449 229 486 friiher
254 448 423 495 gedaeht
446 448 626 498 werden,
656 448 712 484 als
739 447 840 484 nach
874 447 943 484 der
967 446 1188 494 Besiegung
1213 446 1282 484 des
1307 448 1431 485 Anto-

95 511 206 561 nius,
250 511 319 547 des
356 511 500 548 letzten
539 511 714 556 Gegners
754 509 986 559 Octaviam,
1020 508 1102 545 und
1137 519 1181 545 so
1212 509 1297 546 faut
1322 509 1432 545 seine

95 573 344 619 Begriissung
368 572 411 608 in
435 572 535 608 Rom
559 571 631 607 mit
656 571 724 607 der
751 573 883 608 ersten
907 569 1132 607 bekannten
1157 569 1242 607 Ode
1259 567 1327 624 (1,
1353 567 1435 624 37)

95 633 132 670 d.
161 634 198 671 h.
226 634 268 670 in
302 635 389 670 eine
417 634 503 670 Zeit
536 643 779 682 zusammen,
816 632 866 669 da
899 633 1026 670 Horaz
1062 632 1183 670 sehon
1215 632 1290 669 alle
1324 632 1434 670 seine

95 696 308 732 Sermonen
325 694 406 732 und
422 695 587 742 Epoden
604 695 854 741 gesehlossen
871 693 1017 730 hatte.”
1053 694 1193 731 Omnia
1211 693 1435 744 comprobo,

94 757 173 794 m‘si
208 756 311 805 quod
351 756 579 804 Pompejum
619 757 764 792 Varum
799 767 822 799 a
855 754 1039 802 Pompejo
1081 755 1261 804 Grospho
1296 755 1435 792 distin-

95 817 291 864 guendum
317 829 403 854 esse
430 817 608 853 arbitror.
636 839 688 844 —-
744 817 805 853 De
833 816 1072 863 synaloephe
1098 817 1141 853 in
1166 828 1202 854 v.
1230 817 1264 854 5.
1291 812 1434 870 (Pom-

93 874 203 931 pei.)
229 880 276 915 ef.
305 878 367 915 od.
397 878 441 928 1,
468 878 531 914 37.
558 887 646 926 pag.
675 877 757 913 170.

194 939 439 976 ΟΑΒΜΕΝ
465 939 550 975 lx-
581 939 707 989 „Non
732 948 892 986 semper
915 938 1091 977 imbres-²>
1115 939 1261 977 bonum
1287 939 1437 988 tempo-

94 1001 148 1038 ris
175 1001 363 1039 indicium
389 1001 554 1049 praebet
578 1011 614 1036 v.
646 999 694 1036 18
720 1010 800 1047 sq.:

412 1083 465 1089 -—
516 1063 556 1098 et
581 1061 711 1110 potius
737 1072 841 1098 nova

297 1125 506 1162 Cantemus
532 1124 701 1170 Augusti
728 1125 890 1171 tropaea

366 1184 544 1223 Caesaris
572 1187 613 1222 et
638 1184 805 1233 rigidum
831 1185 1030 1233 Niphaten

297 1247 533 1295 Medumque
560 1248 725 1296 flumen,
754 1246 935 1293 gentibus
962 1246 1137 1283 additum

296 1309 441 1358 Victis,
468 1309 638 1345 minores
665 1308 822 1345 volvere
848 1307 1040 1357 vortices;

362 1371 546 1418 Intraque
572 1369 857 1419 praescriptum
884 1370 1055 1406 Gelonos

414 1432 579 1478 Exiguis
607 1432 782 1480 equitare
812 1430 996 1481 campis,

98 1494 202 1545 quod
228 1494 403 1544 plerique
437 1505 644 1542 perperam
677 1492 924 1541 interpretati
959 1492 1060 1528 sunt.
1112 1491 1213 1529 Nam
1238 1490 1346 1538 justo
1372 1502 1437 1529 cu-

97 1558 226 1606 pidius
247 1567 389 1607 „nova
413 1555 588 1602 Auyustz·
612 1555 811 1602 tropaea”
839 1554 1061 1599 intelligunt
1095 1553 1206 1599 signa
1235 1564 1259 1589 a
1283 1553 1438 1590 Parthis

97 1621 276 1668 recepta,
304 1628 392 1654 cum
417 1618 549 1652 tamen
574 1627 705 1653 novae
731 1616 934 1653 dumtaxat
967 1615 1213 1662 imperatoris
1246 1616 1441 1653 victoriae

99 1681 385 1728 significentur,
420 1678 535 1725 plane
570 1679 613 1713 ut
647 1677 752 1726 apud
785 1677 891 1723 Virg.
928 1676 969 1712 in
996 1677 1137 1722 Georg.
1165 1677 1211 1725 3,
1239 1676 1322 1713 32:
1359 1676 1439 1725 „Et

99 1742 176 1779 duo
201 1743 316 1789 rapta
341 1751 458 1776 manu
486 1739 640 1776 diverso
668 1751 718 1776 ex
744 1739 857 1776 hoste
892 1739 1102 1785 tropaea„
1152 1737 1306 1775 Deinde
1332 1737 1374 1773 in
1400 1748 1438 1775 v.

98 1804 161 1840 20.
189 1802 370 1849 Tigranis
399 1802 442 1838 in
474 1812 637 1848 regnum
663 1801 871 1838 Armeniae
906 1810 977 1847 per
1011 1798 1210 1836 Tiberium
1243 1799 1440 1836 Neronem

99 1864 269 1902 instituti
295 1860 394 1917 (Dio
422 1863 482 1912 54,
509 1861 570 1916 9.)
588 1863 823 1899 mentionem
850 1863 990 1898 factam
1017 1871 1103 1896 esse
1121 1860 1373 1910 contendunt,
1400 1861 1441 1896 et

100 1927 142 1963 in
167 1938 224 1963 vs.
252 1926 312 1962 23.
338 1925 525 1961 victoriae
555 1924 602 1960 de
631 1923 790 1960 Gelonis
826 1923 908 1959 sive
935 1922 1053 1959 Dacis
1080 1933 1182 1960 anno
1210 1922 1243 1958 si
1270 1921 1330 1958 dis
1356 1921 1439 1969 pla·

101 1990 163 2025 eet
188 1987 273 2023 734.
303 1981 372 2038 (cf.
392 1986 454 2022 od.
484 1986 519 2035 1,
549 1986 607 2022 19.
630 1996 667 2033 p.
689 1983 796 2036 156.)
815 1995 838 2021 a
863 1984 1029 2020 Lentulo
1055 1985 1289 2031 reportatae.
1341 1982 1437 2020 Inde

100 2059 257 2085 carmen
273 2048 389 2093 vulgo
405 2049 571 2084 refertur
606 2046 656 2083 ad
676 2058 711 2083 a.
731 2046 815 2082 734.
836 2041 906 2098 (cf.
925 2046 1098 2082 Masson.
1116 2056 1155 2094 p.
1171 2045 1257 2081 306.
1284 2044 1434 2080 VVeieh.

99 2112 202 2158 poet.
230 2110 298 2146 rel.
327 2120 365 2156 p.
394 2109 480 2146 204.
509 2109 667 2145 Kirelm.
696 2109 847 2156 quaest.
875 2119 912 2155 p.
941 2108 976 2144 5.
1005 2105 1042 2158 ξ.
1070 2108 1105 2143 9.
1142 2118 1179 2155 p.
1210 2107 1269 2143 10.
1307 2103 1343 2156 ξ.
1372 2105 1433 2141 22.

100 2184 138 2221 p.
167 2172 228 2208 31.
255 2169 292 2221 ξ.
312 2166 411 2223 58),
440 2182 464 2206 a
491 2170 729 2207 Grotefendo
755 2180 849 2206 vero
876 2180 913 2217 p.
942 2169 1027 2205 474.
1054 2169 1092 2205 b.
1120 2168 1183 2205 vel
1209 2167 1258 2204 ad
1284 2178 1318 2204 a.
1346 2167 1432 2203 735.

102 2234 212 2271 Solus
239 2232 505 2279 Vanderburg.
532 2232 702 2278 vulgaris
728 2232 841 2268 istius
867 2231 1031 2267 rationis
1056 2230 1282 2276 argumenta
1306 2227 1438 2265 admo-

105 2295 196 2332 dum
229 2295 379 2331 incerta
414 2305 500 2329 esse
535 2293 656 2341 probe
699 2293 919 2339 intelligens
955 2291 1140 2329 sustinuit
1173 2289 1437 2327 assensionem

105 2358 145 2392 et
169 2356 284 2393 odam
309 2367 344 2392 a.
371 2355 456 2391 730.
487 2352 605 2407 (731.
639 2354 778 2406 Varr.)
815 2356 940 2390 ortam
975 2364 1061 2390 esse
1097 2352 1261 2399 conjecit
1294 2352 1368 2388 vol.
1404 2350 1434 2386 I.

104 2427 143 2464 p.
161 2417 231 2454 317
261 2429 333 2467 sq.‚
360 2419 491 2453 tamen
516 2419 559 2452 ut
575 2416 660 2464 ipse
687 2416 820 2452 vineta
846 2426 917 2451 sua
943 2414 1107 2451 caedens
1125 2415 1285 2462 propter
1302 2413 1437 2463 „riqi-

107 2480 204 2516 dum
226 2479 458 2526 Niphatenv
484 2478 526 2514 in
553 2477 777 2513 sollemnem
811 2487 982 2513 errorem
1005 2476 1182 2524 relapsus
1209 2475 1270 2511 sit.
1324 2474 1436 2509 Scru-

104 2541 231 2575 temur
256 2540 349 2587 quid
373 2540 434 2576 rei
459 2540 521 2576 sit.
574 2538 744 2576 Primum
764 2539 928 2586 apparet
952 2548 1073 2574 novas
1101 2536 1287 2585 quasdam
1311 2533 1435 2582 ipsius

105 2599 272 2647 Augusti
294 2600 476 2638 victorias
504 2600 816 2650 commemorari,
843 2610 942 2647 quae
960 2610 1032 2636 nec
1059 2598 1204 2634 diserte
1230 2595 1435 2642 designan-

1084 2657 1166 2694 12*
