1679 2948
705 247 980 287 -52-

285 359 380 395 Sunt
406 360 535 394 tamen
563 358 602 390 et
628 354 725 403 alia,
761 365 859 402 quae
893 355 988 390 mihi
1022 366 1207 403 meaeque
1235 358 1511 406 computationi

184 420 431 467 opitulantur.
485 416 582 453 Nolo
609 415 766 461 quidem
791 426 981 464 premere,
1018 418 1077 451 sat
1111 426 1288 462 magnam
1309 419 1390 464 jam
1415 422 1512 455 tem-

183 482 288 529 poris
324 476 653 524 intercapedinem
687 475 789 512 inter
822 475 1033 512 editionem
1066 477 1238 524 priorum
1279 479 1514 517 voluminum

183 545 222 578 et
249 541 374 589 quarti
401 549 508 586 csse,
537 547 635 584 quae
661 537 862 585 qualisque
897 537 1116 585 requiratur
1140 539 1313 575 unanimi
1340 540 1514 577 Suetonii

183 606 222 638 et
256 600 555 638 Scholiastarum
597 598 841 647 testimonio,
886 609 935 634 ex
976 609 1053 646 quo
1087 600 1272 636 Horatius
1314 602 1433 649 lonyo
1452 598 1512 653 ¹⁷)

181 658 331 714 (Suet.)
357 660 419 695 vel
443 662 626 696 maximo
652 659 854 696 intervallo
874 657 1035 711 (Acron.
1063 659 1203 708 Porph.
1235 658 1372 714 Cruq.)
1401 673 1513 710 quar-

181 727 263 759 tum
290 722 456 759 scribere
485 721 532 757 ab
559 721 735 767 Augusto
763 722 981 768 compulsus
1010 733 1095 758 esse
1124 722 1284 772 dicitur,
1318 733 1391 759 nec
1417 723 1514 759 mul-

180 788 262 820 tum
287 783 437 831 tribuo,
467 782 570 830 quod
596 782 751 818 brevius
779 783 964 830 temporis
992 784 1179 833 spatium,
1208 795 1324 832 quam
1349 784 1412 821 cui
1437 784 1515 820 ista

179 845 349 881 narratio
375 844 475 881 bene
503 844 727 892 conveniat,
756 854 889 880 eorum
916 855 965 880 ex
993 846 1141 881 ratione
1177 846 1348 895 oriatur,
1385 845 1451 893 qui
1478 857 1512 882 a.

179 907 264 943 736.
302 905 514 942 carminum
549 905 721 951 syllogen
756 905 991 950 divulgatam
1026 917 1111 942 esse
1148 908 1332 943 statuunt.
1393 908 1447 943 At
1472 906 1514 942 id

179 979 265 1004 meo
299 978 360 1002 me
389 966 476 1011 jure
511 977 686 1013 premere
721 967 760 1000 et
795 976 867 1011 ego
901 977 1129 1013 persuasum
1162 967 1288 1004 habeo
1320 969 1359 1003 et
1386 967 1512 1015 quivis

179 1029 290 1065 facile
319 1027 575 1075 concesserit,
602 1029 713 1075 quod
737 1037 812 1062 nec
838 1028 966 1063 ullum
993 1038 1161 1064 carmen
1187 1034 1277 1075 post
1302 1039 1396 1064 ann.
1421 1039 1460 1065 u.
1480 1038 1512 1064 c.

181 1091 284 1126 730.
318 1090 511 1135 scriptum
547 1099 634 1124 esse
675 1089 795 1124 certis
831 1091 1082 1136 aryumenle‘s
1117 1091 1246 1126 evinci
1285 1093 1432 1138 potest,
1477 1093 1516 1126 et

179 1153 383 1200 quaedam
408 1150 659 1185 vehementer
685 1150 940 1199 dissuadent,
966 1155 1013 1187 uc
1036 1151 1158 1187 libros
1172 1152 1391 1198 posteriore
1408 1154 1512 1186 tem-

175 1223 276 1260 pore
301 1213 466 1248 emissos
492 1221 579 1246 esse
600 1214 727 1256 pules.
779 1210 836 1246 Ac
872 1210 918 1246 de
954 1211 1019 1246 illa
1053 1212 1210 1259 quidem
1235 1222 1278 1248 re
1303 1232 1352 1239 —
1380 1221 1512 1258 quam-

178 1284 294 1321 quam
315 1272 397 1317 jam
424 1271 630 1307 clamorem
657 1272 695 1306 et
722 1271 950 1307 cachinnum
984 1272 1152 1319 undique
1188 1272 1381 1308 sublatum
1412 1271 1513 1308 auri-

177 1335 250 1371 bus
278 1332 451 1381 percipio
479 1343 631 1381 eorum,
661 1332 726 1379 qui
754 1332 939 1369 citissime
975 1333 1025 1369 ad
1058 1345 1197 1369 navem
1230 1333 1335 1369 illam
1361 1332 1513 1379 Virgilii

177 1396 389 1444 provocant
423 1418 472 1421 —
507 1394 641 1441 paucis
677 1392 802 1429 dicam
836 1397 983 1441 postea.
1043 1396 1154 1432 Nunc
1188 1395 1369 1430 irretorto
1402 1394 1512 1429 vultu

176 1467 390 1505 persequar
424 1467 492 1504 ea,
535 1466 632 1502 quae
679 1455 887 1501 prohibent
931 1457 1134 1502 quominus
1179 1455 1348 1492 carmina
1389 1455 1510 1491 multo

177 1519 326 1567 posta.
356 1517 439 1552 730.
475 1517 631 1561 vulgata
667 1527 752 1551 esse
790 1516 1005 1553 credantur.
1067 1519 1126 1554 De
1163 1527 1238 1564 quo
1271 1517 1356 1552 loco
1390 1516 1510 1551 multa

172 1581 253 1626 jam
287 1578 456 1626 perbene
493 1577 706 1624 disputavit
740 1577 1054 1623 Vanderburgius
1090 1578 1130 1613 in
1166 1577 1256 1612 edit.
1293 1576 1367 1612 vol.
1404 1577 1433 1612 I.
1469 1588 1507 1624 p.

177 1642 249 1677 313
278 1651 333 1687 sq.
360 1661 411 1667 —
461 1639 499 1674 Is
536 1639 630 1674 scite
666 1637 804 1684 opinor
839 1640 877 1673 et
912 1641 1021 1674 acute
1050 1638 1271 1674 observavit
1297 1638 1410 1685 plane
1438 1638 1508 1673 im-

176 1701 378 1751 probabile
407 1711 511 1743 essej
548 1699 751 1735 Horatium
779 1709 932 1733 carmen
958 1699 1045 1735 libri
1072 1700 1137 1735 ΠΙ.
1169 1700 1225 1735 19.
1256 1699 1423 1745 syllegae
1450 1699 1509 1734 in-

175 1763 452 1810 terpositurum
467 1760 606 1808 fuisse,
636 1760 668 1795 si
686 1771 719 1795 a.
740 1760 823 1795 732.
854 1771 937 1795 eam
956 1759 1153 1795 edidisset.
1182 1761 1280 1797 Nam
1299 1771 1385 1796 cum
1402 1760 1443 1795 in
1458 1771 1505 1796 eo

175 1826 219 1861 L.
248 1825 448 1861 Licinium
478 1823 702 1859 Varronem
729 1823 994 1870 muraenam,
1021 1821 1209 1866 Proculeji
1237 1823 1275 1857 et
1301 1821 1508 1858 Terentiae

176 1888 333 1923 fratrem
360 1880 428 1936 (cf.
458 1883 519 1919 od.
547 1883 591 1931 2,
620 1882 654 1917 2.
683 1882 717 1917 5.
747 1883 788 1916 et
821 1882 990 1918 Massou.
1027 1883 1093 1918 vit.
1122 1894 1158 1930 p.
1187 1878 1317 1935 304),
1354 1881 1415 1918 cui
1442 1893 1509 1918 au-

175 1958 282 1984 ream
315 1945 620 1981 mediocritatem
655 1942 896 1980 commendat
929 1944 971 1979 in
1004 1944 1064 1979 od.
1095 1944 1138 1992 2,
1173 1944 1254 1993 10.‚
1289 1943 1338 1980 ob
1365 1954 1507 1980 novum

177 2007 332 2054 auguris
367 2007 553 2042 honorem
587 2005 728 2041 blanda
763 2004 1009 2040 observantia
1042 2005 1096 2041 ita
1124 2005 1312 2054 celebret,
1340 2007 1384 2040 ut
1411 2004 1506 2040 satis

177 2072 299 2106 artam
326 2079 412 2104 cum
439 2078 484 2102 eo
519 2067 818 2102 familiaritatem
852 2066 928 2112 ipsi
962 2066 1079 2101 fuisse
1108 2068 1312 2113 appareat:
1340 2065 1506 2102 inconsi-

178 2131 308 2167 derate
337 2132 376 2164 et
402 2127 659 2164 inverecunde
688 2127 851 2174 egisset,
881 2126 913 2161 si
940 2129 1029 2173 post
1057 2126 1247 2162 detectam
1275 2126 1505 2172 conjuratio-

175 2203 284 2240 nem,
321 2201 435 2237 quam
469 2200 502 2224 a.
540 2188 623 2224 732.
684 2188 870 2223 Muraena
913 2198 999 2223 cum
1034 2187 1182 2223 Fannio
1219 2187 1412 2234 Caepione
1455 2186 1505 2222 ad

176 2253 391 2299 Augustum
425 2249 719 2298 opprimendum
753 2248 893 2284 inierat
928 2244 1090 2297 (Vellcj.
1119 2248 1154 2297 2,
1182 2248 1242 2284 91.
1272 2247 1374 2284 Suet.
1403 2249 1501 2294 Aug.

177 2421 295 2451 Tibulli
318 2429 337 2450 a
359 2419 506 2450 Dissenio
530 2418 607 2449 editi
631 2418 662 2448 in
687 2416 878 2457 ephemerid.
907 2416 1028 2448 literar.
1059 2415 1190 2446 Halens.
1215 2425 1287 2446 ann.
1311 2415 1408 2448 1836.
1431 2416 1501 2447 Jun.

176 2467 253 2496 fasc.
286 2464 359 2496 110.
390 2474 420 2504 p.
452 2463 528 2494 259.
562 2466 628 2492 tres
660 2463 790 2492 odarum
819 2462 915 2491 libros
947 2461 1040 2501 paulo
1072 2463 1145 2501 post
1168 2461 1290 2491 initium
1313 2470 1343 2491 a.
1368 2462 1443 2493 730.
1469 2464 1501 2491 et

176 2513 251 2541 ante
274 2509 408 2540 hiemem
431 2517 460 2538 a.
484 2508 559 2538 732.
586 2507 690 2537 editos
715 2516 786 2537 esse
810 2506 902 2536 dixit.

266 2575 324 2616 17)
348 2576 479 2606 Sueton.
504 2577 566 2604 oct.
590 2573 642 2604 26.
675 2571 917 2610 „duodecimum
940 2572 1187 2611 (consulatum)
1210 2580 1324 2612 magno
1347 2572 1368 2602 i.
1392 2581 1422 2603 e.
1446 2581 1502 2603 se·—

177 2621 365 2661 ptemdecim
387 2628 539 2651 annorum
562 2617 729 2649 intervallo
751 2634 796 2639 —
819 2616 971 2657 petivitP’

1671 362 1679 476 uam.
1675 285 1679 321 .,
1671 231 1675 238 -
