1643 2959
696 252 977 294 -150-

266 360 509 401 cunum
534 359 643 397 XII-
688 361 849 412 „Quem
873 362 1008 398 virum
1036 365 1108 399 aue
1123 361 1275 400 heroa»
1300 362 1501 401 evidenter

166 427 256 464 ante
292 436 380 462 ann.
409 423 494 459 731.
532 422 801 469 consignatum
828 424 911 472 est,
947 433 1025 470 quo
1050 422 1280 474 Marcellus,
1315 424 1501 462 Octaviae

164 489 263 524 filius
291 488 330 522 et
354 484 503 530 Jufiae,
529 484 698 531 Augusti
724 484 846 534 filiae,
874 484 1016 531 conjux
1040 484 1246 521 immatura
1263 487 1385 522 morte
1403 486 1501 522 obiit

164 545 263 601 (Dio
290 547 352 596 53,
380 547 441 583 30.
494 545 630 592 Vellej.
658 545 705 596 2,
732 543 830 597 93.).
882 546 1008 593 Hujus
1027 546 1131 582 enim
1155 545 1324 592 vigentis
1350 548 1391 582 et
1414 546 1501 594 ipso

159 608 377 655 juventutis
411 609 507 645 flore
541 608 706 645 fruentis
740 606 886 644 blanda
924 618 1011 643 cum
1045 607 1295 644 observantia
1327 607 1502 645 meminit

162 670 348 707 Horatius
375 682 411 707 v.
439 670 487 706 45
516 681 572 718 sq.
626 669 778 706 Bonum
804 669 968 705 factum!
994 670 1079 706 Hoc
1104 669 1146 705 ni
1165 669 1337 705 exstaret
1363 669 1502 705 aetatis

161 731 370 782 indicium,
406 731 512 768 haud
549 731 666 768 dubie
701 733 920 779 temporum
954 731 1254 777 investigatores
1281 730 1389 766 velut
1413 740 1503 768 con-

157 792 280 840 jurati
306 804 462 832 carmen
488 792 539 830 ad
565 805 599 830 a.
628 793 713 829 734.
741 792 967 829 retulissent
993 791 1043 829 ob
1070 804 1126 829 vs.
1155 791 1365 829 53—56.:

362 854 454 905 Ille,
484 866 553 891 seu
579 855 754 892 Parthos
779 854 893 891 Latio
919 853 1166 891 imminentes

362 916 505 964 Eyerit
520 914 637 962 justo
664 917 833 953 domitos
859 917 1062 964 lrz'umpho

363 976 453 1013 Sive
481 975 676 1022 subjectos
706 977 878 1013 Orientis
906 987 997 1013 orae

630 1038 754 1074 Seras
781 1039 819 1073 et
849 1038 997 1086 Indos,

163 1097 337 1146 captivos
365 1099 405 1134 et
431 1097 542 1145 sig-na
569 1109 591 1134 a
616 1097 783 1135 Phraate
810 1098 1040 1136 Parthorum
1065 1108 1159 1146 rege
1184 1098 1349 1136 remissa
1375 1101 1415 1137 et
1439 1098 1504 1136 In-

163 1160 302 1196 dorum
327 1159 564 1206 legationem
592 1156 772 1211 (Sueton.
800 1160 900 1206 Aug.
919 1160 980 1196 21.
1008 1159 1085 1198 Dio
1102 1159 1172 1210 54,
1200 1156 1260 1213 8.)
1288 1160 1505 1208 significata

163 1232 252 1258 esse
287 1221 449 1270 opinati.
502 1222 603 1259 Nam
637 1221 805 1258 mirabili
840 1221 954 1269 plane
991 1233 1082 1259 casu
1118 1221 1279 1271 accidit,
1314 1223 1358 1258 ut
1383 1222 1504 1258 inter-

165 1284 321 1332 pretes,
350 1283 417 1319 ubi
447 1283 506 1319 vel
532 1283 693 1319 minima
718 1283 950 1319 Parthorum
983 1283 1129 1319 mentio
1155 1283 1258 1320 saeta
1285 1283 1358 1333 sit,
1384 1283 1504 1321 istum

163 1353 308 1381 annum
333 1355 426 1380 vere
453 1346 655 1381 venentur.
710 1344 786 1381 Sed
821 1344 855 1380 si
889 1344 976 1392 quis
1011 1344 1108 1381 alius
1143 1344 1207 1381 hic
1239 1344 1348 1382 loeus
1388 1345 1504 1382 docu-

162 1407 296 1442 mento
331 1416 418 1442 esse
457 1408 609 1455 potest,
646 1408 791 1453 quanta
826 1405 1087 1454 superlatione
1130 1408 1270 1454 poetae
1313 1405 1504 1452 ejusmodi

164 1466 206 1503 in
238 1466 356 1503 rebus
391 1468 562 1504 utantur.
617 1467 862 1515 Quamquam
896 1466 958 1504 hie
986 1469 1144 1515 poetam
1169 1467 1291 1516 probe
1318 1467 1398 1505 scio
1423 1468 1504 1506 Au-

164 1530 278 1575 gusto
301 1530 487 1576 polliceri
513 1531 663 1571 tantum
689 1529 921 1565 Parthorum
948 1530 988 1564 et
1014 1528 1200 1565 Indorum
1226 1529 1396 1580 cladem,
1430 1539 1503 1566 nec

161 1589 357 1637 respicere
390 1590 544 1636 insigne
578 1589 736 1639 aliquod
769 1591 923 1627 factum.
985 1588 1062 1626 Sed
1096 1591 1135 1625 et
1169 1589 1265 1627 haec
1293 1590 1504 1639 superlatio

163 1652 235 1686 est.
288 1650 488 1697 Augustus
515 1651 592 1701 nil,
629 1651 733 1699 quod
768 1650 975 1688 admodum
1009 1651 1259 1687 memorabile
1295 1654 1399 1702 erat,
1434 1651 1503 1688 ad-

161 1721 299 1747 versus
327 1711 423 1748 istas
451 1714 586 1757 gentes
604 1714 780 1758 gesserat
805 1713 871 1748 illo
888 1714 1075 1760 tempore.
1129 1711 1206 1749 Sed
1223 1723 1299 1761 quo
1317 1711 1503 1750 tandem?

160 1772 341 1820 Plerique
377 1769 579 1825 (Masson.
615 1774 684 1809 vit.
719 1785 757 1821 p.
794 1773 903 1823 226.,
944 1773 1055 1823 Jani,
1090 1773 1308 1825 Vanderb.,
1342 1774 1500 1812 Kirehn.

162 1836 313 1881 quaest.
341 1844 379 1882 p.
407 1833 442 1870 8.
471 1832 597 1885 §.18.
627 1837 666 1871 et
694 1836 839 1871 Grotef.
869 1846 906 1883 p.
935 1834 1019 1870 472.
1049 1830 1116 1887 a.)
1143 1846 1298 1872 carmen
1325 1835 1439 1873 initio
1465 1847 1500 1873 a.

162 1895 248 1931 731.
291 1896 478 1943 scriptum
517 1907 604 1932 esse
645 1895 947 1946 contenderunt,
986 1896 1120 1934 nescio
1161 1907 1237 1944 qua
1275 1896 1323 1934 de
1351 1908 1499 1934 caussa.

162 1955 288 1992 Multo
326 1957 466 1994 melius
504 1957 551 1994 de
588 1968 675 1994 ann.
712 1957 798 1993 729.
836 1960 903 1994 aut
936 1958 1021 1994 730.
1050 1957 1297 2008 cogitaveris,
1332 1960 1377 1995 ut
1409 1957 1502 1996 fecit

162 2016 266 2065 Leps
293 2018 370 2054 l.‘l.
397 2028 435 2066 p.
464 2018 500 2055 6.
552 2019 654 2056 Nam
678 2020 746 2056 illo
773 2019 979 2056 Marcellus
1005 2019 1163 2069 Juliam,
1189 2019 1357 2066 Augusti
1383 2019 1500 2056 filiam

163 2078 206 2115 in
240 2078 530 2116 matrimonium
566 2079 679 2117 duxit
706 2076 804 2132 (Dio
831 2081 901 2130 53,
929 2076 1014 2133 27.)
1042 2080 1316 2128 atque-multis
1343 2079 1499 2117 honori-

163 2139 238 2175 bus
265 2140 426 2177 affeetus
454 2143 516 2177 est
544 2138 643 2191 (Dio
670 2142 743 2190 53,
777 2141 837 2177 28.
877 2144 917 2178 et
950 2142 1111 2189 interpr.
1140 2142 1235 2178 Strz.
1263 2141 1340 2177 vol.
1365 2140 1430 2178 VI.
1458 2151 1496 2188 p.

165 2196 227 2236 88.
255 2203 334 2238 not.
362 2197 492 2253 204.),
525 2202 599 2242 hoc
626 2205 807 2251 suscepta
834 2204 894 2239 est
920 2202 1119 2249 expeditio
1146 2201 1187 2237 in
1212 2201 1398 2238 Arabiam
1424 2202 1499 2240 Fe-

163 2261 277 2298 licem
303 2262 351 2298 ab
378 2263 492 2300 Aelio
520 2262 630 2300 Gallo
657 2259 755 2316 (Dio
782 2263 851 2313 53,
878 2263 940 2299 29.
969 2263 1064 2299 Strz.
1092 2261 1168 2299 vol.
1187 2262 1250 2299 VI.
1270 2273 1308 2310 p.
1328 2263 1388 2300 89.
1415 2266 1496 2300 not.

164 2317 290 2374 209.),
318 2323 426 2369 cujus
452 2324 643 2371 insignem
660 2326 799 2373 poetae
827 2323 1019 2372 spondent
1046 2334 1266 2360 successum
1293 2321 1404 2374 (Hor.
1432 2324 1495 2361 od.

167 2383 212 2433 1,
239 2383 298 2419 29.
327 2383 362 2420 4.
393 2385 428 2434 1,
455 2386 514 2422 35.
543 2386 603 2422 31.
631 2397 667 2422 v.
696 2385 747 2422 ad
773 2385 834 2422 od.
866 2385 909 2435 l,
939 2383 1031 2437 19.).
1091 2385 1188 2421 Inde
1221 2387 1383 2433 apparet
1416 2385 1497 2423 Ho-

165 2444 308 2482 ratium
333 2449 404 2492 per
429 2456 515 2482 ann.
545 2447 629 2484 729.
659 2449 699 2483 et
719 2447 805 2483 730.
833 2446 938 2484 omni
958 2446 1047 2493 jure
1063 2446 1250 2484 Marcelli
1270 2438 1432 2492 famam
1453 2447 1498 2491 >et

165 2507 326 2544 Julium
349 2507 465 2543 sidus
490 2503 561 2558 (de
588 2518 664 2555 quo
689 2517 726 2544 v.
753 2508 914 2555 interpr.
942 2508 1058 2546 Dion.
1079 2509 1185 2545 Cass.
1210 2506 1279 2556 45,
1307 2507 1341 2543 7.
1371 2507 1493 2545 Sturz.

166 2566 241 2602 vol.
269 2567 314 2603 V.
342 2577 380 2614 p.
399 2566 483 2603 448.
512 2567 615 2603 Suet.
644 2568 719 2604 Jul.
739 2568 850 2605 Caes.
870 2568 930 2604 88.
959 2569 1056 2605 Plin.
1084 2568 1121 2606 h.
1140 2579 1177 2604 n.
1198 2568 1243 2617 2,
1269 2567 1330 2604 25.
1358 2568 1491 2605 Senee.

167 2628 245 2663 nat.
281 2630 429 2677 quaest.
468 2628 512 2678 7,
550 2628 608 2666 17.
644 2629 748 2667 Serv.
787 2628 837 2667 ad
871 2629 975 2677 Virg.
1012 2629 1080 2667 ecl.
1108 2629 1153 2679 9,
1182 2624 1266 2681 47.)
1299 2628 1492 2668 celebrare
