1680 3000
506 800 1208 860 PROOEMIUM.

194 1095 332 1163 Aere
356 1128 516 1175 quidem
544 1131 581 1166 el
604 1129 705 1165 satis
730 1128 900 1175 luyubre
926 1129 1160 1166 vaticinium
1187 1129 1231 1164 R.
1253 1126 1424 1165 Bentle
1423 1127 1525 1177 jus,

193 1202 285 1229 cum
310 1201 449 1228 veram
474 1191 550 1228 sibi
575 1193 687 1228 visus
718 1196 822 1229 esset
848 1193 1107 1239 proposuisse
1137 1195 1361 1238 temporum
1394 1194 1523 1230 ratio-

191 1263 296 1302 nem,
321 1263 406 1301 qua
430 1252 473 1297 Q.
500 1254 742 1290 Horatius
768 1255 986 1291 Flaccus
1015 1256 1205 1300 poemata
1230 1263 1310 1289 sua
1333 1255 1523 1300 scripsis-

190 1317 262 1362 set,
288 1315 475 1353 ediderat
497 1315 582 1364 hoc,
610 1319 666 1364 ut,
693 1315 934 1363 ubicumque
961 1316 1037 1351 viri
1068 1314 1284 1351 doctissimi
1316 1318 1437 1350 eoetra
1468 1316 1523 1351 li-

189 1377 304 1412 mites
331 1375 382 1412 ab
407 1378 493 1423 ipso
515 1378 666 1424 positos
690 1378 733 1413 in
762 1377 1030 1424 adsiynandis
1046 1375 1294 1422 temporibus
1311 1376 1524 1423 evaqaturz·

190 1440 333 1482 essent,
358 1439 471 1474 toties
495 1439 584 1475 illos
619 1440 664 1474 in
700 1448 857 1475 errores
887 1437 1048 1485 prolabi
1081 1438 1236 1474 diceret.
1306 1436 1524 1474 Verumta-

189 1503 283 1530 men
307 1503 439 1540 neque
463 1496 548 1542 hoc,
574 1509 704 1542 neque
730 1509 884 1546 mayna
911 1499 1059 1546 eyreyii
1083 1499 1161 1534 viri
1187 1499 1419 1546 auctoritas,
1444 1508 1522 1534 ne-

189 1565 267 1603 que
291 1555 504 1602 ingeniosa
529 1556 658 1600 ipsius
684 1558 968 1602 disputationis
996 1559 1184 1604 brevitas,
1209 1566 1334 1603 quam
1351 1559 1443 1604 quis
1468 1558 1520 1594 ab

189 1619 333 1663 aperta
357 1615 418 1651 rei
442 1616 607 1652 veritate
633 1626 762 1664 eaque
787 1627 839 1652 ne
866 1618 1116 1664 aryumentis
1141 1618 1302 1664 quidem
1319 1617 1522 1665 indiqente

185 1673 411 1724 profectam
432 1674 692 1726 judicaverit,
717 1681 876 1714 tantum
900 1679 1085 1726 valuere,
1118 1680 1176 1726 ut,
1213 1688 1321 1725 quae
1347 1683 1521 1717 eoeeunte

190 1740 353 1774 demum
377 1738 543 1784 septimo
570 1739 721 1775 decimo
746 1739 911 1775 saeculo
945 1743 985 1775 et
1016 1739 1130 1776 initio
1155 1740 1356 1787 sequentis
1381 1745 1520 1787 coepta

187 1802 278 1835 erat
298 1799 453 1835 institui
477 1799 658 1847 quaestio
685 1801 734 1837 de
758 1795 832 1837 hoc
858 1801 963 1849 loco,
1004 1799 1044 1836 Τ.
1072 1799 1245 1849 Fabri,
1278 1800 1475 1838 Rodelli
1489 1803 1517 1850 i,

184 1860 393 1896 Ducerii
418 1863 457 1897 et
479 1861 528 1897 M
535 1863 709 1898 assoni
738 1856 776 1911 ¹)
807 1863 1060 1907 potissimum
1083 1862 1239 1908 studiis,
1265 1870 1316 1896 ea
1343 1865 1417 1898 aut
1439 1862 1516 1898 ab-

164 1924 440 1966 ·rumperetur
474 1925 547 1957 aut
580 1923 636 1957 ad
656 1919 781 1966 finem
803 1923 1002 1967 perducta
1038 1921 1304 1968 absolutaque
1329 1924 1515 1960 credere-

183 1983 262 2018 tur.
313 1981 422 2016 Nam
454 1990 725 2030 quamquam,
760 1980 987 2028 Bentlejum
1020 1983 1092 2029 qui
1120 1982 1308 2028 proxime
1340 1993 1515 2031 excepe-

184 2045 294 2090 runt,
318 2042 585 2088 interpretum
610 2052 728 2079 nemo
750 2040 840 2087 s'ere
862 2046 1028 2089 praeter
1043 2043 1223 2079 Sanad
1230 2053 1378 2081 onum
1404 2040 1444 2098 ²)
1470 2047 1514 2083 in

183 2105 356 2140 eandem
381 2112 476 2139 rem>
493 2104 626 2140 denuo
651 2104 876 2152 inquisivit,
901 2105 960 2141 ita
986 2108 1041 2152 ut,
1066 2105 1149 2140 sice
1173 2105 1283 2141 triste
1307 2106 1411 2143 illud
1433 2117 1513 2143 ca-

182 2165 365 2201 ticinium
390 2168 428 2201 et
452 2164 672 2201 auctoritas
696 2164 889 2214 Bentleji,
921 2166 1006 2202 sice
1030 2166 1184 2202 eoeimia
1209 2167 1269 2202 rei
1293 2163 1514 2212 difficultas

183 2235 323 2262 eorum
357 2226 511 2263 oculos*
524 2227 812 2274 praestrinxit,
850 2227 1017 2264 tacitum
1050 2228 1178 2263 videri
1207 2228 1364 2274 possint
1382 2239 1512 2276 prae-

183 2286 317 2323 buisse
341 2296 602 2323 consensum:
635 2297 719 2324 non
743 2291 881 2325 tamen
904 2289 950 2325 in
976 2297 1128 2325 caussa
1151 2298 1231 2325 sua
1257 2286 1384 2334 defuit
1405 2290 1511 2328 idem

271 2437 309 2478 1)
333 2438 404 2469 Jani
435 2437 584 2478 templum
617 2438 746 2469 Christo
785 2441 939 2470 nascente
970 2443 1147 2471 reseratum
1178 2443 1240 2471 cet.
1272 2443 1358 2472 auct.
1389 2441 1509 2473 Joanne

183 2489 323 2523 Masson.
371 2493 590 2525 Roterodami.
614 2493 720 2533 1700;
752 2494 911 2534 ejusdem:
936 2495 972 2529 Q.
996 2495 1123 2527 Horatii
1146 2495 1255 2527 Flacci
1278 2496 1357 2528 vita.
1403 2496 1506 2537 Lugd.

184 2545 254 2577 Bat.
276 2547 375 2580 1708.
420 2552 426 2557 ’

271 2613 310 2651 2)
330 2613 394 2647 Ed.
416 2615 528 2648 Horat.
553 2616 659 2649 Paris.
683 2616 781 2650 1728.
806 2617 835 2650 11
858 2617 920 2649 vol.
946 2617 988 2657 4.,
1013 2621 1045 2649 et
1068 2618 1166 2651 1756.
1191 2617 1265 2649 VIII
1289 2617 1349 2648 vol.
1375 2618 1406 2649 S.

1221 2673 1245 2709 1
