1643 2959
732 274 788 279 —
831 250 1006 293 162—

320 359 422 405 Quid
445 356 564 397 vero'ss
615 357 778 406 Oportet
811 369 902 397 sane
936 367 1037 395 anno
1063 356 1147 395 729.
1172 357 1294 396 totum
1326 358 1528 409 imperium

218 423 396 469 pacatum
419 419 607 467 bellisque
632 429 796 456 vacuum
820 419 962 469 fuisse,
996 418 1100 466 quod
1133 419 1225 454 tunc
1259 419 1384 467 ipsum
1405 421 1528 458 Janus

217 481 356 518 iterum
379 480 544 526 Augusti
568 480 722 517 nomine
749 480 900 516 clausus
927 481 1007 529 est,
1034 480 1134 516 teste
1169 478 1296 516 Dione
1331 481 1438 520 cass.
1464 481 1528 532 53,

216 541 276 578 26.
302 540 366 577 fin.
393 541 437 577 cf.
463 540 575 577 Oros.
602 540 640 590 6,
665 540 726 577 21.
755 541 908 577 Sueton.
938 541 1071 578 Octav.
1098 539 1158 575 22.

312 600 373 638 Ita
396 599 514 647 igitur
538 601 743 650 probatum
768 612 853 638 esse
880 612 1016 650 spero,
1052 611 1165 640 carm.
1194 601 1240 650 3,
1266 599 1304 637 8.
1326 599 1433 641 ¹cirea
1457 601 1528 639 Ca-

216 660 352 698 lendas
378 661 539 699 Martias
565 662 655 700 anni
679 673 716 699 u.
743 673 775 699 c.
803 662 887 699 729.
922 663 1011 699 stilo
1045 661 1236 708 signatum
1270 671 1367 698 esse.
1417 661 1528 701 Unde

213 722 310 760 hacc
335 723 516 760 continuo
541 724 763 772 patescunt:

314 782 348 820 1.
373 782 543 822 Arboris
567 795 688 822 casus
692 811 708 833 ,
742 784 808 832 qui
833 783 1015 821 miserum
1038 782 1243 821 Horatium
1267 792 1389 830 paene
1417 781 1528 818 elise-

211 844 286 893 rat,
313 844 418 894 „nisi
443 844 598 882 Faunus
624 845 742 883 ictum
769 844 905 881 dextra
928 844 1117 892 levasset,
1150 843 1437 880 Mercurialium
1463 853 1528 878 cu-

212 905 291 942 stos
316 904 510 942 virorum²’
535 901 619 956 (od.
645 905 683 955 2,
711 905 769 942 17.
796 901 894 957 28.),
932 906 1076 942 accidit
1104 905 1186 941 Cal.
1209 906 1330 942 Mart.
1356 914 1393 940 a.
1422 903 1526 940 728.

310 964 345 1002 2.
372 965 520 1003 Eodem
545 976 644 1003 anno
661 966 865 1002 Maecenas
891 966 1139 1002 vehementer
1164 964 1378 1011 aegrotavit
1404 966 1442 1000 et
1466 974 1526 1000 re-

212 1027 394 1073 cuperata
432 1026 595 1062 sanitate
633 1026 675 1061 in
715 1026 867 1061 theatro
900 1025 1055 1072 publica
1086 1025 1219 1072 populi
1252 1025 1526 1063 acclamatione

213 1086 473 1121 consalutatus
499 1087 559 1122 est
584 1081 668 1137 (od.
695 1085 732 1134 2,
761 1084 818 1121 17.
847 1084 894 1121 22
921 1095 976 1133 sq.
1005 1086 1050 1122 cf.
1077 1085 1235 1122 Passow
1261 1087 1342 1123 not.
1372 1081 1493 1137 122).

309 1146 345 1182 3.
377 1146 508 1184 earm.
535 1147 586 1195 2,
615 1146 686 1184 13.
716 1146 823 1195 „Ille
847 1149 886 1183 ec
907 1143 1094 1191 nefasto»
1127 1157 1259 1182 mense
1294 1146 1408 1187 Mart.
1436 1155 1523 1182 ann.

212 1205 295 1244 728.
322 1207 506 1255 scriptum
531 1208 604 1257 est,
630 1206 842 1255 eodemque
860 1209 903 1243 ut
919 1207 1072 1244 videtur
1097 1217 1221 1245 carm.
1249 1207 1291 1257 2,
1318 1207 1388 1245 17.
1408 1207 1525 1256 „Car

210 1276 274 1304 me
297 1269 506 1315 querelis-⁷³.

309 1327 341 1364 4.
367 1328 508 1365 Vinum
533 1327 727 1378 Sabinum,
755 1327 858 1378 quod
882 1328 1064 1366 Horatius
1090 1328 1308 1366 Maecenati
1332 1327 1374 1363 in
1398 1326 1459 1364 od.
1487 1327 1523 1377 1,

209 1387 270 1426 20.
296 1388 507 1436 potandum
531 1389 745 1440 poHicetur,
771 1400 806 1427 a.
834 1389 918 1427 728.
944 1389 1139 1426 conditum
1165 1390 1234 1425 est.

310 1450 418 1493 Quae
446 1451 480 1487 si
505 1449 633 1486 omnia
665 1461 758 1487 vere
791 1452 832 1487 et
863 1452 968 1487 recte
1003 1449 1191 1486 subducta
1225 1452 1333 1500 sunt,
1366 1460 1524 1506 prorsus

208 1510 312 1550 aliud
343 1511 408 1550 fiet
441 1510 631 1556 judicium
672 1510 719 1547 de
759 1512 886 1548 aetate
924 1511 1102 1547 carminis
1139 1511 1229 1548 libri
1264 1511 1294 1549 Ι.
1336 1511 1523 1548 vicesimi.

210 1571 296 1609 Vile
318 1571 414 1609 illud
441 1571 624 1608 Sabinum
648 1571 752 1608 haud
779 1571 892 1608 dubie
919 1583 998 1609 non
1022 1572 1172 1617 insigne
1207 1574 1292 1609 erat
1314 1573 1523 1622 vetustate,

205 1641 278 1667 nec
303 1632 382 1667 falli
407 1632 502 1668 mihi
527 1631 681 1681 videor,
717 1632 750 1667 si
775 1632 816 1668 id
842 1643 928 1668 cum
952 1632 1227 1679 interpretibus
1260 1632 1417 1669 biennio
1441 1634 1523 1669 fere

207 1693 296 1738 post
322 1683 435 1739 quam
462 1691 657 1728 conditum
689 1694 750 1728 est
774 1694 993 1740 promptum
1020 1692 1165 1739 Judico.
1216 1693 1317 1730 Nam
1349 1694 1521 1741 quadri-

206 1760 319 1788 mum
356 1753 552 1790 Sabinum
588 1753 674 1800 ipso
712 1753 872 1790 Horatio
910 1755 1009 1789 teste
1049 1748 1133 1806 (od.
1163 1753 1206 1802 l,
1233 1753 1269 1790 9.
1298 1752 1356 1806 7.)
1395 1753 1521 1789 bonae

205 1813 320 1848 notae
345 1812 477 1849 vinum
511 1815 603 1850 erat.
655 1814 716 1850 Ex
750 1824 824 1860 quo
858 1816 1018 1861 apparet
1049 1825 1129 1851 non
1159 1815 1274 1851 nimis
1307 1813 1421 1850 fidem
1453 1813 1521 1851 ha-

206 1871 371 1909 bendam
405 1884 490 1910 esse
525 1874 692 1923 Galeno,
733 1874 798 1921 qui
825 1874 926 1922 apud
951 1874 1092 1911 Athen.
1117 1874 1185 1911 lib.
1210 1874 1240 1911 Ι.
1267 1886 1305 1922 p.
1333 1874 1394 1912 27.
1419 1873 1523 1923 inter

204 1933 296 1970 vina
318 1933 453 1971 Italica
476 1935 622 1972 nullum
647 1936 928 1984 commemorat,
956 1935 1059 1982 quod
1084 1938 1172 1973 ante
1189 1936 1364 1984 quintum
1379 1945 1522 1972 annum

204 1992 289 2030 bibi
313 1995 456 2044 possit,
496 1997 535 2031 et
561 1996 608 2032 de
636 1996 776 2035 Sabino
802 1997 897 2033 haec
934 1997 1083 2044 prodit:
1122 1996 1280 2034 πάντων
1305 1992 1348 2034 δὲ
1372 1994 1521 2034 τούτων

207 2051 228 2090 ὁ
253 2051 425 2103 Σαβῖνος
450 2056 708 2109 κουφότερος,
736 2055 817 2095 ἀπὸ
844 2053 941 2094 ἐτῶν
966 2053 1062 2095 ἑπτὰ
1087 2053 1305 2105 ἐπιτήδειος
1330 2055 1519 2096 πίνεσθαι

204 2115 318 2164 μέχρι
349 2114 630 2155 πεντεκαίδεκα.
683 2118 816 2156 Cicero
849 2119 890 2155 in
924 2119 1029 2156 Brut.
1057 2118 1139 2155 S3.:
1176 2121 1247 2167 „ut
1273 2119 1306 2155 si
1332 2117 1417 2165 quis
1443 2117 1517 2154 Fa-

204 2175 311 2212 lerno
336 2177 427 2213 vino
456 2177 686 2228 delectetur,
728 2179 798 2216 sed
832 2190 877 2216 eo
910 2191 983 2217 nec
1016 2180 1071 2216 ita
1094 2189 1215 2227 novo,
1253 2180 1297 2214 ut
1330 2177 1517 2226 proximis

205 2237 424 2274 consulibus
449 2240 582 2275 natum
606 2239 712 2289 velit,
738 2250 810 2276 nec
835 2250 966 2276 rursus
993 2239 1048 2275 ita
1074 2241 1225 2288 vetere,
1251 2241 1294 2274 ut
1321 2238 1516 2286 Opimium

205 2298 272 2331 aut
296 2297 475 2334 Anicium
500 2300 693 2336 consulem
719 2300 913 2346 quaerat.”
939 2300 1033 2336 Plin.
1061 2299 1152 2335 hist.
1170 2301 1248 2336 nat.
1266 2299 1325 2348 14,
1339 2299 1373 2335 8.
1390 2295 1514 2350 (10.):

207 2357 374 2405 „Omnia
400 2360 653 2396 transmarina
680 2356 806 2411 (vina)
847 2362 994 2408 septem
1032 2362 1098 2396 aut
1137 2371 1206 2397 sex
1240 2360 1349 2397 annis
1374 2359 1424 2395 ad
1448 2370 1514 2395 ve·

205 2419 388 2454 tustatem
413 2422 613 2466 pervenire
640 2421 945 2458 existi1nantur.³'
970 2421 1077 2458 Idem
1102 2421 1171 2470 23,
1199 2421 1254 2458 1.:
1281 2419 1514 2470 „Falernum

202 2489 274 2516 nec
300 2478 341 2514 in
364 2480 534 2517 novitate
558 2492 629 2518 nec
655 2482 696 2518 in
720 2482 840 2518 nimia
863 2484 1053 2519 vetustate
1080 2482 1228 2531 corpori
1262 2480 1412 2518 salubre
1438 2482 1510 2517 est.

202 2539 334 2575 Media
368 2540 449 2587 ejus
482 2543 587 2578 aetas
614 2552 637 2578 a
662 2541 902 2589 quindecimo
935 2553 1035 2581 anno
1068 2542 1238 2591 incipit.“'
1272 2543 1318 2580 cf.
1345 2540 1508 2579 Schmid.

203 2599 252 2634 ad
279 2600 389 2647 epist.
420 2601 455 2651 1,
482 2602 516 2638 5.
544 2602 580 2639 5.
