1643 2959
655 180 939 223 —189—

134 296 260 330 tutum
295 303 380 329 esse
415 292 543 340 ipsum
581 292 821 342 Augustum,
860 290 1117 340 pulcherrime
1157 288 1287 326 statim
1326 288 1367 324 in
1407 290 1462 326 eis

135 355 201 403 qui
228 356 442 404 sequuntur
468 353 645 391 versibus
673 354 863 391 declarat:

331 417 410 454 Vos
439 417 644 453 Caesarem
670 416 810 464 altum,
837 413 975 451 militia
1002 413 1116 450 simul

332 477 475 514 Fessas
503 477 681 513 cohortes
706 476 879 513 reddidit
903 475 1072 524 oppidis,

425 538 557 576 Finire
585 539 836 586 quaerentem
860 537 1015 575 labores

551 600 679 637 Pierio
705 599 890 636 recreatis
918 601 1052 648 antro,

136 662 182 699 de
210 662 349 711 quibus
376 674 411 699 v,
437 661 592 698 PaSSOV.
619 661 687 698 vit.
713 664 792 698 not.
820 661 904 697 253.
922 684 972 688 -—
988 660 1169 708 Inprimis
1197 661 1466 699 commendant

133 724 324 760 rationem
349 733 475 759 meam
501 734 557 758 vs.
584 722 631 757 42
659 733 736 771 sq.,
771 722 838 759 ubi
866 723 913 758 de
939 721 1054 758 bruta
1080 733 1213 759 eorum
1247 725 1466 761 temeritate

133 785 324 833 loquitur,
364 784 433 831 qui
466 794 489 819 a
523 783 646 818 Musis
681 783 798 818 alieni
832 783 987 818 mitiora
1022 784 1182 820 consilia
1217 788 1401 832 spernant
1428 788 1468 821 et

134 845 184 882 ad
208 844 376 882 nefanda
403 843 599 891 quaelibet
624 843 810 879 audacter
835 842 1031 879 molienda
1059 845 1228 892 prompti
1262 846 1468 893 paratique

133 907 340 955 impiorum
366 916 548 942 ausorum
574 915 719 952 poenas
745 904 855 940 luant
881 903 1141 950 gravissimas.
1201 906 1306 949 Quid
1336 904 1467 943 enim‘ss

135 969 232 1006 Cum
265 980 299 1006 a.
338 967 422 1003 728.
470 967 676 1004 Cornelius
709 965 774 1001 ille
813 965 979 1014 Gallus,
1023 966 1195 1014 Aegypti
1233 969 1466 1017 praefectus,

134 1030 196 1066 cui
222 1029 272 1066 ob
298 1029 493 1075 ingratum
520 1029 560 1063 et
586 1026 816 1063 malevolum
849 1027 1020 1063 animum
1053 1028 1252 1074 Augustus
1288 1029 1402 1066 domo
1429 1033 1470 1066 et

133 1091 344 1139 provinciis
373 1090 452 1126 suis
479 1088 702 1138 interdixit,
730 1088 887 1136 propria
912 1099 1028 1125 manu
1063 1090 1225 1136 perierit
1271 1086 1369 1143 (Dio
1404 1092 1468 1141 53,

133 1153 194 1189 23.
224 1152 356 1199 ibique
384 1151 542 1199 interpr.
570 1151 690 1187 Sturz.
710 1151 783 1187 vol.
801 1150 864 1187 VI.
882 1162 918 1199 p.
937 1150 995 1187 82.
1014 1153 1093 1188 not.
1113 1151 1184 1187 156
1204 1163 1259 1200 sq.
1312 1153 1468 1190 Sueton.

133 1215 232 1261 Aug.
271 1214 330 1250 66.
372 1212 484 1249 Ow‘d.
518 1212 634 1249 Trist.
668 1212 726 1261 H,
763 1213 847 1249 446.
906 1212 1068 1249 Becker.
1105 1213 1238 1249 Gallus
1275 1214 1346 1250 vol.
1374 1214 1402 1250 I.
1430 1226 1467 1262 p.

133 1276 192 1312 49.
221 1274 324 1325 sq.),
352 1274 564 1322 eodemque
599 1276 774 1322 tempore
800 1276 854 1312 M.
879 1275 1082 1321 Eqnatius
1107 1273 1242 1321 Ruffls
1268 1277 1310 1313 in
1335 1276 1468 1322 Augu-

134 1339 237 1374 stum
263 1336 524 1383 conjuraverit
559 1335 653 1383 (Dio
680 1337 749 1385 53,
785 1336 845 1373 24.
913 1337 1068 1374 Sueton.
1104 1338 1186 1374 Oct.
1225 1337 1322 1386 19.):
1364 1337 1468 1374 haud

134 1399 214 1436 scio
241 1409 291 1435 an
316 1398 520 1435 Horatium
546 1397 683 1434 harum
715 1409 845 1434 rerum
870 1402 1051 1446 respectu
1078 1399 1211 1436 habito
1236 1400 1312 1436 ista
1338 1400 1469 1436 omnia

134 1460 337 1508 scripsisse
365 1459 572 1497 admodum
597 1459 806 1497 verisimile
834 1460 895 1496 sit.
964 1461 1077 1497 Certe
1104 1461 1251 1498 nemini
1276 1471 1355 1497 non
1380 1473 1468 1509 per-

133 1522 252 1558 mirus
289 1524 327 1558 et
360 1521 618 1570 perobscurus
645 1521 788 1568 poterit
814 1521 939 1558 videri
974 1523 1154 1559 carminis
1190 1523 1342 1572 exitus,
1390 1523 1468 1559 nisi

131 1586 289 1632 poetam
313 1594 356 1619 re
383 1582 512 1630 aliqua
538 1593 673 1618 recens
700 1584 802 1619 facta
835 1587 1067 1620 commotum
1093 1585 1136 1620 in
1162 1585 1256 1620 talia
1281 1584 1468 1620 incidisse

133 1648 293 1682 statuas.
326 1666 378 1673 ·——
415 1645 621 1681 Caeterum
669 1643 716 1680 de
759 1647 933 1693 tempore
978 1646 1092 1691 hujus
1132 1646 1313 1682 carminis
1356 1657 1468 1682 secus

133 1707 325 1751 iudicatur
348 1706 476 1751 vulgo,
527 1706 697 1743 Masson.
732 1706 798 1742 vit.
825 1718 861 1754 p.
890 1707 973 1744 131.
999 1707 1040 1743 id
1067 1718 1100 1744 a.
1128 1707 1211 1745 721.
1247 1708 1468 1757 adscripsit,

135 1780 210 1816 quo
235 1767 473 1805 bibliotheca
501 1767 714 1803 Octaviana
740 1768 896 1804 condita
922 1771 1002 1816 est,
1039 1769 1147 1813 cujus
1181 1769 1239 1804 rei
1264 1769 1468 1806 Horatium

133 1830 356 1866 meminisse
384 1828 583 1865 contendit
609 1829 650 1864 in
675 1841 732 1865 vs.
767 1829 812 1864 37
843 1840 898 1876 sq.
958 1829 1113 1876 Reliqui
1147 1840 1224 1866 una
1258 1831 1338 1866 fere
1372 1842 1468 1868 voce

133 1891 183 1927 ad
218 1903 251 1928 a.
290 1891 374 1927 733.
402 1891 461 1926 34.
497 1892 536 1925 et
571 1890 630 1926 35.
667 1889 741 1937 (ita
775 1890 931 1926 Rirchn.
965 1890 1042 1927 tab.
1079 1890 1156 1927 chr.
1192 1893 1232 1927 et
1259 1892 1403 1929 Grotef.
1430 1904 1468 1940 p.

135 1953 218 1989 474.
246 1949 308 2005 b.)
334 1952 570 2000 retulerunt,
606 1950 755 1987 scilicet
787 1951 884 1988 falsa
919 1962 989 1987 sua
1013 1952 1165 1988 ratione
1191 1963 1308 2000 quam
1334 1953 1382 1990 de
1409 1966 1468 1991 ar-

133 2015 239 2051 boris
266 2014 379 2062 lapsu
406 2013 576 2050 inierunt
603 2012 769 2060 decepti.
822 2013 928 2055 Quos
954 2013 1115 2050 meliora
1147 2015 1302 2061 poterat
1329 2015 1468 2052 docere

128 2075 211 2123 jam
235 2087 335 2112 vers,
363 2075 423 2112 24.
445 2076 557 2124 „Seu
583 2076 763 2123 liquidae
784 2076 979 2121 placuere
1003 2075 1177 2125 Βαίας»
1211 2086 1327 2123 quem
1353 2079 1468 2113 antea

133 2138 272 2185 opinor
298 2137 474 2186 scripsit,
503 2147 619 2184 quam
645 2136 681 2172 ei
700 2135 865 2186 „Bajas
880 2138 1005 2174 Musa
1029 2148 1310 2185 supervacuas
1333 2137 1467 2176 Anto-

132 2199 254 2236 nius-'²
281 2198 472 2247 signaret,
508 2200 552 2234 ut
577 2198 697 2234 refert
730 2197 774 2235 in
799 2198 912 2246 epist.
943 2199 986 2248 1,
1016 2199 1073 2235 15.
1102 2198 1137 2235 3.
1166 2209 1267 2236 anno
1292 2201 1336 2236 ut
1360 2199 1467 2237 vide-

134 2262 197 2297 tur
222 2260 308 2297 731.
336 2259 560 2308 composita.

234 2382 478 2420 cAmva
510 2382 568 2418 V-
613 2384 769 2432 „Caelo
806 2385 1038 2422 tonantem2'
1074 2387 1221 2422 certum
1256 2386 1317 2420 est
1350 2385 1466 2431 atque

137 2444 295 2482 evidens
320 2456 400 2482 non
427 2444 614 2493 scriptum
641 2455 751 2495 esse,
779 2447 823 2481 ut
847 2446 962 2493 vulgo
997 2446 1227 2495 opinantur,
1262 2446 1467 2492 postquam

136 2517 160 2542 a
184 2506 347 2543 Phraate
374 2507 484 2554 signa
510 2508 550 2543 et
575 2506 719 2554 captivi
748 2507 911 2544 remissa
937 2511 1048 2545 erant
1075 2519 1176 2545 anno
1202 2507 1286 2542 734.
1307 2501 1464 2558 (Kirch-

136 2577 217 2603 ner.
246 2570 394 2616 quaest.
421 2580 459 2617 p.
487 2568 547 2606 31.
576 2565 612 2618 ξ.
641 2565 734 2620 59.)
769 2571 835 2606 aut
862 2569 945 2607 735.
974 2565 1175 2622 (Masson.
1211 2567 1279 2606 vit.
1306 2568 1397 2605 Hor.
1425 2579 1462 2617 p.
