1643 2959
671 208 952 250 „153—

157 319 196 354 et
215 316 387 363 Judicare
413 316 503 352 licet
527 314 568 350 in
592 314 814 352 universum
839 315 973 353 saltem
1007 314 1054 354 de
1089 317 1259 364 tempore
1285 317 1464 355 carminis

158 379 192 428 l,
219 379 279 415 ⁶20.
300 378 419 426 „Vile
441 375 637 422 potabis.»

251 439 385 483 Neque
411 435 550 472 invidit
573 435 685 473 nobis
711 436 861 474 Horatii
886 437 999 473 Musa
1024 436 1159 473 harum
1182 447 1310 475 rerum
1334 439 1462 486 cogni-

152 501 317 547 tionem3
334 507 424 532 nam
441 496 501 533 od.
521 497 557 545 3,
576 496 610 533 8.
629 497 774 544 optima
790 497 907 534 habet
924 497 1106 545 temporis
1118 496 1273 546 indicia,
1300 508 1398 545 quae
1416 510 1462 536 eo

151 559 271 605 magis
304 559 477 594 nostrum
512 559 572 593 est
597 558 658 594 vel
682 558 836 595 turbato
863 558 1057 594 scribendi
1083 557 1217 594 ordine
1243 558 1373 595 statim
1398 559 1463 596 hic

151 619 384 667 examinare,
412 628 486 665 quo
513 618 632 654 artius
659 619 732 655 hae
759 619 1001 666 quaestiones
1027 617 1128 654 inter
1154 629 1195 654 se
1222 617 1445 656 cohaerent.

246 679 429 716 Horatius
462 678 579 725 igitur
613 679 871 716 celebraturus
906 679 1027 727 diem,
1063 689 1138 726 quo
1172 677 1320 714 arboris
1351 679 1464 726 lapsu

148 751 271 789 paene
305 738 516 775 exstinctus
550 739 690 789 fuerit,
724 740 766 776 in
808 739 1072 775 cARMINE
1106 738 1193 774 111.
1225 738 1464 776 ocTAvo

141 802 331 852 „Marciis
357 801 538 837 caelebs„
571 800 836 836 Maecenatem
869 799 919 836 ad
953 811 994 836 se
1021 799 1159 836 invitat
1185 801 1224 835 et
1248 810 1298 835 ne
1323 800 1463 837 mirum

145 863 202 898 illi
226 861 424 909 videatur,
452 860 554 908 quod
581 859 732 896 caelebs
758 860 864 908 ipsas
893 860 970 896 Cal.
986 859 1145 895 Martias
1171 860 1290 896 festas
1308 862 1462 898 acturus

146 923 217 971 sit,
243 922 286 957 in
310 924 477 957 mentem
503 920 539 957 ei
573 922 729 956 revocat
762 920 974 967 periculum
999 919 1115 969 illud,
1150 919 1254 966 quod
1278 920 1352 957 hoc
1375 921 1462 969 ipso

145 983 206 1019 die
234 992 343 1018 mmm
366 982 553 1027 proxime
574 982 837 1026 praecedente
854 977 892 1031 ⁶)
918 990 1103 1026 prospere
1130 979 1317 1024 effugerit.
1360 981 1460 1018 Huic

142 1041 362 1079 invitationi
385 1040 551 1076 intexuit
575 1051 638 1076 res
665 1039 851 1086 quasdam
877 1050 926 1075 ex
952 1039 1113 1075 historia
1145 1038 1248 1075 iffius
1275 1041 1462 1088 temporis

142 1103 387 1151 depromptas
415 1112 438 1137 a
459 1112 558 1136 vers.
588 1100 669 1136 17,:

337 1162 450 1198 Mitte
476 1161 608 1197 civiles
634 1171 751 1206 super
775 1160 869 1197 urbe
895 1171 1028 1209 curas,

339 1222 490 1259 Occidit
514 1221 613 1258 Daci
641 1221 833 1257 Cotisonis
860 1231 1020 1270 agmen,

336 1282 475 1319 Medus
501 1282 665 1318 infestus
692 1281 767 1317 sibi
792 1282 978 1318 luctuosis

499 1341 674 1379 Dissidet
699 1341 826 1377 armis.

335 1403 462 1441 Servit
485 1403 682 1450 Hispanae
708 1404 819 1438 vetus
846 1402 967 1438 hostis
995 1414 1084 1440 orae

337 1464 549 1511 Cantaber,
578 1473 665 1499 sera
691 1462 856 1499 domitus
883 1466 1029 1500 catena.

332 1527 419 1562 Jam
445 1524 609 1570 Scythae
635 1523 723 1559 laxo
748 1523 984 1561 meditantur
1008 1535 1099 1560 arcu

497 1584 643 1621 Cedere
669 1585 825 1631 campis.

134 1649 206 1686 His
240 1647 324 1683 sulti
357 1645 510 1682 indiciis
545 1654 676 1679 omnes
712 1645 815 1691 quod
848 1645 968 1681 sciam
1001 1645 1255 1697 interpretes,
1290 1650 1330 1685 et
1361 1651 1451 1696 post

133 1710 357 1745 Massonum
383 1705 536 1753 quidem
571 1700 666 1756 (vit.
695 1705 787 1740 Hor.
814 1716 851 1752 p.
880 1705 950 1740 277
979 1701 1067 1757 sq.)
1101 1706 1314 1758 Sanadon.‚
1347 1709 1450 1759 Jani,

132 1768 366 1817 Mitscherl.²
392 1765 598 1814 Vanderb.‚
625 1765 823 1815 Doering„
850 1766 962 1803 Jahn.
990 1771 1028 1814 p.
1056 1766 1156 1816 234„
1183 1768 1340 1806 Passov.
1366 1772 1446 1806 not.

221 1941 258 1979 6)
281 1940 431 1970 Proximo
454 1939 561 1970 statim
585 1938 625 1970 ab
656 1937 719 1968 isto
750 1937 921 1968 infortunio
945 1947 1028 1969 anno
1050 1939 1219 1971 Horatium
1249 1938 1292 1970 ad
1314 1939 1446 1971 Maece-

132 1988 237 2017 natem
260 1985 340 2014 haec
363 1983 546 2023 scripsisse,
577 1991 639 2012 non
671 1984 720 2012 est
750 1981 833 2021 quod
863 1981 998 2013 dubites.
1044 1983 1184 2015 Primum
1214 1985 1297 2015 enim
1317 1987 1444 2024 poetam

132 2029 282 2060 credibile
306 2030 354 2058 est
377 2036 438 2057 non
461 2029 534 2066 post
557 2027 663 2066 plures
686 2025 809 2055 demum
825 2035 935 2063 annos,
959 2026 1018 2057 sed
1040 2028 1144 2058 statim
1162 2028 1272 2068 primo,
1295 2028 1350 2058 ubi
1371 2030 1444 2058 ater

132 2074 201 2103 dies
231 2072 343 2110 rediit,
374 2080 498 2101 sacriun
527 2070 779 2100 anniversarium
801 2070 987 2101 instituisse.
1033 2072 1150 2104 Quodsi
1183 2080 1307 2107 verum,
1344 2071 1442 2101 etiam

130 2118 349 2148 Maecenatem
371 2115 464 2146 facile
487 2114 641 2144 concedes
664 2114 763 2153 primo
787 2123 886 2150 anno,
910 2123 970 2145 non
993 2118 1106 2155 postea
1128 2115 1251 2144 demum
1273 2114 1442 2144 invitatum

132 2165 165 2191 et
187 2160 228 2191 de
251 2169 364 2191 caussa
386 2159 459 2190 festi
481 2157 631 2197 temporis
661 2158 939 2188 commonefactum
969 2168 1050 2188 esse.
1095 2157 1238 2196 Denique
1267 2166 1329 2187 non
1359 2157 1442 2188 dixit

130 2205 283 2235 Horatius
300 2222 343 2225 —
359 2203 442 2243 quod
465 2201 650 2242 quibusdam
672 2201 774 2231 visum
792 2203 840 2231 est
854 2219 899 2223 -—-
913 2211 950 2231 se
972 2202 1139 2241 quotannis
1162 2200 1323 2231 interioris
1344 2203 1442 2232 notae

130 2249 205 2280 vino
229 2251 261 2278 et
283 2247 378 2278 lautis
402 2247 501 2286 epulis
525 2246 753 2276 celebraturum
777 2254 849 2275 esse
865 2244 963 2282 diem,
985 2244 1044 2275 sed
1067 2247 1186 2275 certum
1201 2253 1316 2275 annum
1337 2245 1441 2284 signi-

130 2292 224 2330 ficat,
254 2290 407 2330 siquidem
438 2293 556 2321 certam
589 2289 769 2328 amphoram
799 2292 942 2328 apertum
971 2289 1010 2318 iri
1042 2289 1160 2319 diserte
1189 2288 1308 2319 indicat
1330 2297 1360 2319 v.
1383 2287 1438 2319 11.

132 2336 166 2375 (‚
169 2335 356 2376 ‚Amphorae
379 2334 493 2364 fumum
515 2334 626 2365 bibere
648 2333 815 2362 institutae
838 2333 964 2363 consule
986 2332 1099 2363 Tullo''
1105 2337 1132 2373 ).
1154 2351 1199 2355 —
1235 2332 1317 2362 Hinc
1339 2332 1439 2363 verba

132 2388 252 2423 „anno
274 2375 459 2410 redevmtffl
489 2378 573 2408 idem
602 2377 654 2407 hic
683 2376 790 2407 valere
822 2385 951 2414 censeo,
981 2377 1065 2416 quod
1085 2377 1167 2407 alias
1188 2375 1319 2406 dicitur:
1343 2383 1439 2407 anno

129 2424 303 2464 vertente,
332 2425 367 2452 nt
393 2429 415 2451 a
445 2421 540 2451 Corn.
564 2421 646 2460 Nep.
668 2420 763 2459 Ages.
788 2429 856 2460 cap.
881 2421 911 2452 4.
934 2420 994 2459 (ut
1016 2421 1099 2460 quod
1120 2420 1182 2450 iter
1204 2419 1330 2450 Xerxes
1353 2428 1436 2449 anno

131 2471 277 2499 xcrtente
292 2445 495 2501 confecerat,
527 2465 577 2494 hic
606 2464 805 2501 transierit.)
829 2464 868 2494 cf.
890 2464 967 2494 Hor.
991 2464 1060 2494 Sat.
1084 2464 1115 2501 2,
1138 2464 1169 2494 2.
1193 2462 1247 2493 83.
1270 2462 1302 2500 1,
1325 2461 1357 2494 1.
1381 2463 1436 2493 36.

130 2511 205 2551 ibiq.
233 2510 349 2542 Heind.
379 2511 411 2539 et
439 2507 566 2539 Kirchn.
618 2506 726 2537 .174.
770 2506 856 2537 Nos:
883 2507 1036 2549 „Dzeser
1064 2506 1155 2539 nach
1185 2507 1292 2539 einem
1320 2505 1437 2539 Jakre

130 2556 203 2587 mir
224 2552 526 2588 wiederkehrende
544 2517 696 2591 festiicke
721 2549 810 2592 Tay.
813 2548 837 2568 ⁷²
