1679 2948
761 263 1041 303 —ssfim

244 375 305 411 nis
332 375 555 420 argumento
584 375 622 406 ct
649 370 777 408 colori.
830 372 890 407 Ita
923 372 1026 407 enim
1054 372 1241 410 Donatus
1266 374 1305 409 in
1331 374 1462 420 Virgil.
1492 375 1571 412 vita

245 447 327 485 cap.
355 435 461 473 ΧΙΠ.
490 432 526 483 ξ.
555 432 636 468 51.:
671 433 812 481 „Anno
847 442 939 467 vero
967 432 1284 480 quinquagesimo
1312 435 1500 485 seeundo,
1527 439 1571 472 ut

244 498 416 533 ultimam
450 503 604 530 manum
639 492 806 529 Aeneidi
840 492 1075 542 imponeret,
1113 493 1249 529 statuit
1280 497 1326 531 in
1353 496 1572 535 Graeciam

243 563 280 596 et
313 557 453 594 Asiam
488 552 691 603 secedere,
726 553 971 602 triennioque
1008 553 1190 590 continuo
1223 566 1376 592 omnem
1415 568 1572 605 operam

242 615 429 655 limationi
458 614 570 663 dare,
598 616 642 650 ut
666 614 816 662 reliqua
840 615 922 651 vita
942 617 1092 652 tantum
1110 615 1379 664 philosophiae
1405 621 1571 655 vacaret.

241 679 317 716 Sed
355 686 441 713 eum
481 685 684 722 aggressus
724 676 799 712 iter
837 676 1002 713 Athenis
1042 677 1274 714 occurrisset
1312 678 1488 724 Augusto
1522 679 1571 715 ab

241 739 399 777 Oriente
425 738 587 774 Romam
613 737 845 787 revertenti,
873 748 950 774 una
970 747 1057 774 eum
1077 739 1241 775 Caesare
1267 737 1396 775 redire
1424 739 1569 776 statuit.

241 802 297 838 Ac
323 811 409 837 eum
434 799 615 847 Megara,
642 797 812 834 vicinum
837 798 1002 835 Athenis
1029 799 1236 849 oppidum,
1271 799 1423 836 visendi
1449 801 1572 846 gratia

239 863 410 910 peteret,
437 861 661 906 languorem
688 861 824 895 nactus
852 861 930 896 est:
966 871 1081 908 quem
1114 871 1193 897 non
1219 860 1439 897 intermissa
1464 860 1571 897 navi-

239 923 342 970 gatio
377 921 506 970 auxit,
543 921 598 957 ita
632 922 695 969 ut,
732 921 885 966 gravior
918 921 959 957 in
993 922 1096 970 dies,
1132 921 1289 958 tandem
1323 921 1572 959 Brundisium

238 983 476 1031 adventarit3
521 981 589 1018 ubi
625 981 762 1017 diebus
796 981 930 1029 paucis
964 982 1081 1031 obiit,
1118 982 1268 1019 decimo
1302 983 1384 1019 Kal.
1414 983 1568 1020 Octobr.

239 1047 280 1082 C.
309 1043 462 1093 Sentio,
491 1043 537 1085 Q.
564 1041 745 1078 Lucretio
775 1042 908 1078 Coss.'¹'
960 1044 1048 1079 Jam
1075 1043 1160 1090 quis
1190 1046 1269 1093 est,
1308 1043 1404 1090 quin
1429 1044 1570 1091 permi-

236 1116 322 1142 rum
349 1104 473 1153 dieat,
500 1103 704 1139 Horatium
721 1113 796 1140 nec
822 1105 923 1151 epici
947 1105 1058 1141 illius
1084 1106 1213 1151 operis
1237 1106 1481 1141 mentionem
1503 1103 1571 1150 fi?-

236 1170 357 1216 cisse,
383 1176 457 1203 nec
482 1169 607 1202 totum
633 1165 708 1201 iter
737 1159 997 1211 respexisse?
1056 1163 1156 1200 Illud
1191 1165 1368 1214 quide-m,
1406 1165 1439 1201 si
1476 1165 1569 1201 insi-

236 1238 349 1276 gnem
377 1238 453 1275 qua
479 1223 778 1272 exspectabatur
804 1225 949 1261 Aeneis
988 1227 1129 1261 samam
1167 1228 1207 1261 et
1246 1225 1571 1262 existimationem

234 1287 509 1338 ponderaveris
546 1285 606 1322 vel
641 1297 690 1321 ex
723 1286 915 1333 Propertii
956 1285 1136 1322 laudibus
1177 1286 1466 1334 percipiendam
1501 1283 1568 1338 (2,

233 1351 293 1386 25.
321 1350 369 1385 63
398 1343 499 1399 sq.):

433 1409 509 1452 Qui
536 1419 637 1445 nune
664 1409 821 1445 Aeneae
849 1407 1008 1454 Trojani
1036 1409 1198 1446 suscitat
1224 1418 1351 1458 arma,

480 1471 668 1517 Jactaque
696 1469 854 1505 Lavinis
881 1471 1035 1506 moenia
1060 1470 1250 1508 litoribus·

433 1531 568 1569 Cedite
595 1530 759 1567 Romani
787 1530 1016 1580 scriptores,
1045 1531 1171 1568 cedite
1199 1530 1318 1576 Graji.

479 1592 622 1630 Nescio
649 1591 742 1639 quid
767 1591 890 1637 maJ'us
917 1592 1089 1628 nascitur
1113 1590 1246 1627 Iliade.

231 1655 325 1695 illud
351 1657 507 1702 inquam
533 1654 648 1701 plane
674 1651 930 1699 improbabile
957 1652 1108 1701 reddit,
1142 1663 1299 1689 carmen
1332 1653 1447 1701 paulo
1472 1656 1564 1690 ante

230 1719 378 1756 obitum
411 1714 564 1760 Virgilii
597 1713 852 1760 compositum
879 1723 976 1749 esse.
1029 1714 1134 1762 Hoc,
1170 1714 1261 1761 quia
1294 1724 1373 1750 non
1406 1724 1563 1761 magno-

230 1791 323 1829 pere
349 1774 616 1815 confidendum
641 1775 818 1823 Donato,
849 1773 1056 1811 labefactat
1081 1777 1186 1811 certe
1214 1773 1316 1822 quod
1343 1775 1458 1821 vulgo
1485 1777 1562 1812 sta-

229 1841 354 1877 tuunt.
416 1837 523 1880 Quae
565 1836 598 1871 si
637 1834 767 1871 onmia
809 1835 1121 1884 complectimur,
1161 1846 1233 1872 nee
1273 1836 1409 1873 miram
1447 1837 1562 1873 istam

230 1900 529 1947 digressionem,
555 1897 597 1932 in
624 1906 738 1943 quam
765 1906 787 1931 a
811 1907 845 1931 v.
865 1897 900 1931 9.
928 1899 1045 1943 poeta
1071 1896 1383 1943 indignabundus
1410 1897 1560 1947 incidit,

229 1959 572 2011 praetermittimus
598 1979 647 1985 -—
674 1956 782 2003 cnjus
810 1957 1014 2003 singularis
1035 1957 1175 2005 opinor
1199 1969 1337 1995 caussa
1361 1958 1434 1995 fuit
1460 1969 1560 2006 quae

227 2024 323 2060 latet
348 2033 416 2058 —:
452 2020 533 2056 fieri
567 2029 645 2055 non
677 2020 828 2066 postest
860 2018 953 2066 quin
989 2018 1168 2055 carmin-is
1195 2022 1361 2056 aetatem
1387 2019 1559 2055 tenebris

230 2086 370 2120 tectam
398 2093 483 2117 esse
511 2081 677 2126 ingenue
705 2081 903 2116 fateamur.
958 2080 996 2116 Si
1023 2090 1114 2115 vere
1142 2079 1191 2115 ad
1209 2077 1431 2129 Virgilium,
1455 2090 1557 2127 poe-

228 2150 311 2183 tam
337 2145 514 2192 epicum,
542 2141 673 2176 datum
701 2142 781 2189 est,
810 2141 936 2188 potuit
963 2140 1169 2188 aliquando
1199 2141 1337 2190 scribi,
1372 2150 1458 2177 cum
1491 2141 1556 2177 ille

228 2207 401 2243 Athenas
429 2204 593 2249 migrare
621 2200 895 2237 constituisset.
946 2202 1028 2238 Nee
1055 2204 1183 2237 tamen
1207 2201 1297 2237 inde
1316 2211 1556 2249 consequens

229 2269 309 2316 est,
345 2269 387 2302 ut
419 2264 570 2301 Italiam
604 2262 759 2298 omnino
794 2262 1002 2310 reliquerit.
1054 2263 1149 2298 Utut
1175 2262 1247 2298 hoc
1274 2264 1354 2311 est,
1394 2264 1555 2310 apparet

229 2328 366 2376 opinor
401 2336 513 2363 earm.
553 2325 595 2374 l,
631 2324 665 2359 3.
701 2325 916 2370 temporum
950 2323 1091 2359 rationi
1124 2333 1237 2370 quam
1273 2323 1362 2359 dedi
1395 2323 1552 2359 minime

229 2388 424 2427 adversari
442 2383 514 2439 ²⁰).

317 2507 376 2545 20)
399 2505 459 2535 Diu
483 2503 673 2543 multumque
695 2503 769 2534 mihi
795 2501 1007 2533 consideranti
1032 2512 1128 2534 carm.
1148 2502 1179 2539 1,
1204 2503 1235 2533 3.
1249 2505 1281 2532 et
1298 2501 1334 2536 1,
1360 2501 1413 2533 2⁴.
1438 2501 1551 2543 „Quis

228 2547 429 2583 desiderio„
461 2558 499 2579 ea
528 2549 663 2578 subnata
694 2550 743 2578 est
782 2547 983 2585 conjectura,
1015 2551 1049 2578 ut
1079 2548 1163 2578 inter
1192 2549 1358 2586 utrumque
1388 2547 1548 2580 artiorem.

229 2605 320 2635 quam
343 2595 438 2633 vulgo
462 2593 659 2627 existiment,
693 2590 925 2622 cohaerentiam
956 2599 1028 2621 esse
1050 2591 1107 2622 sed
1131 2591 1243 2622 mendo
1266 2591 1371 2631 aliquo
1395 2591 1548 2621 obscura-

230 2643 293 2669 tam
318 2639 454 2670 credam.
501 2636 581 2671 Quid
607 2637 704 2669 enim,
731 2637 755 2665 si
780 2646 808 2665 v.
836 2635 866 2665 6.
891 2635 996 2673 legas:
