<?xml version="1.0" encoding="UTF-8"?>
<!DOCTYPE html PUBLIC "-//W3C//DTD XHTML 1.0 Transitional//EN"
    "http://www.w3.org/TR/xhtml1/DTD/xhtml1-transitional.dtd">
<html xmlns="http://www.w3.org/1999/xhtml" xml:lang="en" lang="en">
 <head>
  <title>
</title>
<meta http-equiv="Content-Type" content="text/html;charset=utf-8" />
  <meta name='ocr-system' content='tesseract 3.04.00' />
  <meta name='ocr-capabilities' content='ocr_page ocr_carea ocr_par ocr_line ocrx_word'/>
</head>
<body>
  <div class='ocr_page' id='page_1' title='image "./fastihoratianiac00franuoft_0245.png"; bbox 0 0 1643 2959; ppageno 0'>
   <div class='ocr_carea' id='block_1_1' title="bbox 274 699 1321 887">
    <p class='ocr_par' dir='ltr' id='par_1_1' title="bbox 274 699 1321 887">
     <span class='ocr_line' id='line_1_1' title="bbox 332 699 1247 763; baseline -0.008 0"><span class='ocrx_word' id='word_1_1' title='bbox 332 704 660 763; x_wconf 82' lang='lat' dir='ltr'><strong>CAROLI</strong></span> <span class='ocrx_word' id='word_1_2' title='bbox 711 699 1247 760; x_wconf 85' lang='lat' dir='ltr'><strong>LACHMANNI</strong></span> 
     </span>
     <span class='ocr_line' id='line_1_2' title="bbox 274 832 1321 887; baseline -0.006 0"><span class='ocrx_word' id='word_1_3' title='bbox 274 840 370 887; x_wconf 85' lang='lat' dir='ltr'>AD</span> <span class='ocrx_word' id='word_1_4' title='bbox 428 835 484 887; x_wconf 76' lang='lat' dir='ltr'>C.</span> <span class='ocrx_word' id='word_1_5' title='bbox 527 836 901 885; x_wconf 79' lang='lat' dir='ltr'><strong>FRANKIUM</strong></span> <span class='ocrx_word' id='word_1_6' title='bbox 956 832 1321 884; x_wconf 83' lang='lat' dir='ltr'><strong>EPISTOLA.</strong></span> 
     </span>
    </p>
   </div>
   <div class='ocr_carea' id='block_1_2' title="bbox 97 1102 1455 2544">
    <p class='ocr_par' dir='ltr' id='par_1_2' title="bbox 97 1102 1455 2544">
     <span class='ocr_line' id='line_1_3' title="bbox 128 1102 1454 1167; baseline -0.005 -8"><span class='ocrx_word' id='word_1_7' title='bbox 128 1102 330 1161; x_wconf 79' lang='lat' dir='ltr'>Libellus</span> <span class='ocrx_word' id='word_1_8' title='bbox 362 1116 439 1156; x_wconf 86' lang='lat' dir='ltr'>iste</span> <span class='ocrx_word' id='word_1_9' title='bbox 470 1122 577 1164; x_wconf 85' lang='lat' dir='ltr'>tuus,</span> <span class='ocrx_word' id='word_1_10' title='bbox 609 1112 762 1154; x_wconf 87' lang='lat' dir='ltr'>Franki</span> <span class='ocrx_word' id='word_1_11' title='bbox 797 1112 1028 1163; x_wconf 81' lang='lat' dir='ltr'>carissime,</span> <span class='ocrx_word' id='word_1_12' title='bbox 1061 1126 1177 1167; x_wconf 87' lang='lat' dir='ltr'>quem</span> <span class='ocrx_word' id='word_1_13' title='bbox 1206 1111 1298 1153; x_wconf 91' lang='lat' dir='ltr'>mihi</span> <span class='ocrx_word' id='word_1_14' title='bbox 1328 1124 1454 1167; x_wconf 88' lang='lat' dir='ltr'>nuper</span> 
     </span>
     <span class='ocr_line' id='line_1_4' title="bbox 129 1179 1455 1245; baseline -0.004 -15"><span class='ocrx_word' id='word_1_15' title='bbox 129 1179 253 1245; x_wconf 87' lang='lat' dir='ltr'>paene</span> <span class='ocrx_word' id='word_1_16' title='bbox 285 1187 507 1229; x_wconf 58' lang='lat' dir='ltr'>absolubnn</span> <span class='ocrx_word' id='word_1_17' title='bbox 538 1186 762 1237; x_wconf 77' lang='lat' dir='ltr'>tradidisti,</span> <span class='ocrx_word' id='word_1_18' title='bbox 794 1186 1031 1240; x_wconf 81' lang='lat' dir='ltr'>bibliopolae</span> <span class='ocrx_word' id='word_1_19' title='bbox 1062 1185 1177 1240; x_wconf 88' lang='lat' dir='ltr'>paulo</span> <span class='ocrx_word' id='word_1_20' title='bbox 1216 1184 1455 1226; x_wconf 82' lang='lat' dir='ltr'>vendibilior</span> 
     </span>
     <span class='ocr_line' id='line_1_5' title="bbox 129 1259 1453 1313; baseline -0.004 -11"><span class='ocrx_word' id='word_1_21' title='bbox 129 1264 282 1303; x_wconf 91' lang='lat' dir='ltr'>futurus</span> <span class='ocrx_word' id='word_1_22' title='bbox 313 1260 539 1310; x_wconf 89' lang='lat' dir='ltr'>videbatur,</span> <span class='ocrx_word' id='word_1_23' title='bbox 573 1259 684 1313; x_wconf 89' lang='lat' dir='ltr'>siqua</span> <span class='ocrx_word' id='word_1_24' title='bbox 716 1273 738 1299; x_wconf 90' lang='lat' dir='ltr'>a</span> <span class='ocrx_word' id='word_1_25' title='bbox 768 1272 830 1299; x_wconf 91' lang='lat' dir='ltr'>me</span> <span class='ocrx_word' id='word_1_26' title='bbox 863 1259 948 1299; x_wconf 85' lang='lat' dir='ltr'>eius</span> <span class='ocrx_word' id='word_1_27' title='bbox 978 1259 1170 1299; x_wconf 83' lang='lat' dir='ltr'><strong>accedere</strong></span> <span class='ocrx_word' id='word_1_28' title='bbox 1191 1264 1329 1313; x_wconf 89' lang='lat' dir='ltr'>posset</span> <span class='ocrx_word' id='word_1_29' title='bbox 1349 1271 1453 1298; x_wconf 83' lang='lat' dir='ltr'>com-</span> 
     </span>
     <span class='ocr_line' id='line_1_6' title="bbox 127 1329 1452 1386; baseline -0.004 -11"><span class='ocrx_word' id='word_1_30' title='bbox 127 1333 345 1375; x_wconf 78' lang='lat' dir='ltr'>mendatio.</span> <span class='ocrx_word' id='word_1_31' title='bbox 388 1333 428 1373; x_wconf 91' lang='lat' dir='ltr'>in</span> <span class='ocrx_word' id='word_1_32' title='bbox 470 1346 544 1386; x_wconf 88' lang='lat' dir='ltr'>quo</span> <span class='ocrx_word' id='word_1_33' title='bbox 575 1332 688 1372; x_wconf 84' lang='lat' dir='ltr'>vides</span> <span class='ocrx_word' id='word_1_34' title='bbox 719 1331 1044 1372; x_wconf 86' lang='lat' dir='ltr'>honestissimum</span> <span class='ocrx_word' id='word_1_35' title='bbox 1083 1331 1213 1372; x_wconf 76' lang='lat' dir='ltr'>virum</span> <span class='ocrx_word' id='word_1_36' title='bbox 1243 1345 1324 1371; x_wconf 90' lang='lat' dir='ltr'>non</span> <span class='ocrx_word' id='word_1_37' title='bbox 1355 1329 1452 1371; x_wconf 91' lang='lat' dir='ltr'>satis</span> 
     </span>
     <span class='ocr_line' id='line_1_7' title="bbox 127 1403 1454 1458; baseline -0.004 -10"><span class='ocrx_word' id='word_1_38' title='bbox 127 1414 237 1448; x_wconf 79' lang='lat' dir='ltr'>recte</span> <span class='ocrx_word' id='word_1_39' title='bbox 268 1420 403 1446; x_wconf 87' lang='lat' dir='ltr'>rerum</span> <span class='ocrx_word' id='word_1_40' title='bbox 435 1412 580 1446; x_wconf 84' lang='lat' dir='ltr'>statum</span> <span class='ocrx_word' id='word_1_41' title='bbox 613 1411 651 1445; x_wconf 91' lang='lat' dir='ltr'>et</span> <span class='ocrx_word' id='word_1_42' title='bbox 682 1404 881 1445; x_wconf 90' lang='lat' dir='ltr'>hominum</span> <span class='ocrx_word' id='word_1_43' title='bbox 921 1403 1065 1444; x_wconf 76' lang='lat' dir='ltr'>iudicia</span> <span class='ocrx_word' id='word_1_44' title='bbox 1102 1404 1364 1458; x_wconf 83' lang='lat' dir='ltr'>intellegere,</span> <span class='ocrx_word' id='word_1_45' title='bbox 1411 1409 1454 1443; x_wconf 92' lang='lat' dir='ltr'>ut</span> 
     </span>
     <span class='ocr_line' id='line_1_8' title="bbox 97 1476 1452 1530; baseline -0.003 -10"><span class='ocrx_word' id='word_1_46' title='bbox 97 1507 99 1509; x_wconf 85' lang='lat'>·</span> <span class='ocrx_word' id='word_1_47' title='bbox 126 1480 345 1521; x_wconf 84' lang='lat' dir='ltr'>verendum</span> <span class='ocrx_word' id='word_1_48' title='bbox 377 1479 428 1519; x_wconf 89' lang='lat' dir='ltr'>sit</span> <span class='ocrx_word' id='word_1_49' title='bbox 458 1491 507 1518; x_wconf 83' lang='lat' dir='ltr'>ne</span> <span class='ocrx_word' id='word_1_50' title='bbox 539 1478 743 1518; x_wconf 86' lang='lat' dir='ltr'>commodo</span> <span class='ocrx_word' id='word_1_51' title='bbox 775 1492 846 1518; x_wconf 94' lang='lat' dir='ltr'>suo</span> <span class='ocrx_word' id='word_1_52' title='bbox 878 1484 1021 1517; x_wconf 83' lang='lat' dir='ltr'>noceat</span> <span class='ocrx_word' id='word_1_53' title='bbox 1061 1476 1186 1530; x_wconf 83' lang='lat' dir='ltr'>magis</span> <span class='ocrx_word' id='word_1_54' title='bbox 1218 1490 1332 1530; x_wconf 88' lang='lat' dir='ltr'>quam</span> <span class='ocrx_word' id='word_1_55' title='bbox 1362 1488 1452 1530; x_wconf 87' lang='lat' dir='ltr'>pro-</span> 
     </span>
     <span class='ocr_line' id='line_1_9' title="bbox 127 1549 1452 1605; baseline -0.004 -12"><span class='ocrx_word' id='word_1_56' title='bbox 127 1552 195 1593; x_wconf 86' lang='lat' dir='ltr'>sit.</span> <span class='ocrx_word' id='word_1_57' title='bbox 228 1566 319 1592; x_wconf 83' lang='lat' dir='ltr'>nam</span> <span class='ocrx_word' id='word_1_58' title='bbox 351 1558 392 1591; x_wconf 92' lang='lat' dir='ltr'>tu</span> <span class='ocrx_word' id='word_1_59' title='bbox 424 1549 584 1590; x_wconf 84' lang='lat' dir='ltr'>Horatii</span> <span class='ocrx_word' id='word_1_60' title='bbox 614 1557 839 1605; x_wconf 88' lang='lat' dir='ltr'>poematum</span> <span class='ocrx_word' id='word_1_61' title='bbox 880 1557 1060 1604; x_wconf 88' lang='lat' dir='ltr'>tempora</span> <span class='ocrx_word' id='word_1_62' title='bbox 1089 1556 1129 1590; x_wconf 84' lang='lat' dir='ltr'>te</span> <span class='ocrx_word' id='word_1_63' title='bbox 1161 1550 1452 1590; x_wconf 84' lang='lat' dir='ltr'>demonstratu-</span> 
     </span>
     <span class='ocr_line' id='line_1_10' title="bbox 126 1620 1452 1679; baseline -0.003 -14"><span class='ocrx_word' id='word_1_64' title='bbox 126 1640 214 1665; x_wconf 89' lang='lat' dir='ltr'>rum</span> <span class='ocrx_word' id='word_1_65' title='bbox 244 1623 466 1679; x_wconf 84' lang='lat' dir='ltr'>promittis3</span> <span class='ocrx_word' id='word_1_66' title='bbox 510 1636 594 1663; x_wconf 90' lang='lat' dir='ltr'>rem</span> <span class='ocrx_word' id='word_1_67' title='bbox 625 1623 756 1664; x_wconf 89' lang='lat' dir='ltr'>multis</span> <span class='ocrx_word' id='word_1_68' title='bbox 788 1630 941 1677; x_wconf 82' lang='lat' dir='ltr'>gratam</span> <span class='ocrx_word' id='word_1_69' title='bbox 973 1630 1014 1663; x_wconf 91' lang='lat' dir='ltr'>et</span> <span class='ocrx_word' id='word_1_70' title='bbox 1043 1621 1339 1672; x_wconf 82' lang='lat' dir='ltr'>necessariam,</span> <span class='ocrx_word' id='word_1_71' title='bbox 1381 1620 1452 1662; x_wconf 91' lang='lat' dir='ltr'>sed</span> 
     </span>
     <span class='ocr_line' id='line_1_11' title="bbox 125 1694 1450 1750; baseline -0.002 -13"><span class='ocrx_word' id='word_1_72' title='bbox 125 1696 274 1737; x_wconf 83' lang='lat' dir='ltr'>laboris</span> <span class='ocrx_word' id='word_1_73' title='bbox 306 1710 350 1736; x_wconf 83' lang='lat' dir='ltr'>ac</span> <span class='ocrx_word' id='word_1_74' title='bbox 382 1695 503 1735; x_wconf 89' lang='lat' dir='ltr'>taedii</span> <span class='ocrx_word' id='word_1_75' title='bbox 532 1695 714 1750; x_wconf 82' lang='lat' dir='ltr'>plenam,</span> <span class='ocrx_word' id='word_1_76' title='bbox 763 1709 877 1749; x_wconf 87' lang='lat' dir='ltr'>quam</span> <span class='ocrx_word' id='word_1_77' title='bbox 918 1696 1021 1735; x_wconf 83' lang='lat' dir='ltr'>seire</span> <span class='ocrx_word' id='word_1_78' title='bbox 1062 1694 1174 1735; x_wconf 91' lang='lat' dir='ltr'>multi</span> <span class='ocrx_word' id='word_1_79' title='bbox 1204 1694 1450 1744; x_wconf 79' lang='lat' dir='ltr'>desiderant,</span> 
     </span>
     <span class='ocr_line' id='line_1_12' title="bbox 126 1766 1450 1823; baseline -0.003 -13"><span class='ocrx_word' id='word_1_80' title='bbox 126 1782 322 1823; x_wconf 84' lang='lat' dir='ltr'>quaerere</span> <span class='ocrx_word' id='word_1_81' title='bbox 342 1768 482 1809; x_wconf 81' lang='lat' dir='ltr'>volunt</span> <span class='ocrx_word' id='word_1_82' title='bbox 504 1768 550 1808; x_wconf 86' lang='lat' dir='ltr'>de</span> <span class='ocrx_word' id='word_1_83' title='bbox 572 1767 691 1822; x_wconf 83' lang='lat' dir='ltr'>vulgo</span> <span class='ocrx_word' id='word_1_84' title='bbox 721 1768 788 1808; x_wconf 85' lang='lat' dir='ltr'>vel</span> <span class='ocrx_word' id='word_1_85' title='bbox 818 1768 893 1809; x_wconf 93' lang='lat' dir='ltr'>duo</span> <span class='ocrx_word' id='word_1_86' title='bbox 926 1768 992 1809; x_wconf 82' lang='lat' dir='ltr'>vel</span> <span class='ocrx_word' id='word_1_87' title='bbox 1012 1781 1142 1808; x_wconf 90' lang='lat' dir='ltr'>nemo.</span> <span class='ocrx_word' id='word_1_88' title='bbox 1170 1779 1266 1820; x_wconf 91' lang='lat' dir='ltr'>ergo</span> <span class='ocrx_word' id='word_1_89' title='bbox 1299 1766 1346 1807; x_wconf 83' lang='lat' dir='ltr'>(le</span> <span class='ocrx_word' id='word_1_90' title='bbox 1377 1766 1450 1807; x_wconf 83' lang='lat' dir='ltr'>hac</span> 
     </span>
     <span class='ocr_line' id='line_1_13' title="bbox 125 1837 1452 1894; baseline -0.002 -13"><span class='ocrx_word' id='word_1_91' title='bbox 125 1854 170 1882; x_wconf 91' lang='lat' dir='ltr'>re</span> <span class='ocrx_word' id='word_1_92' title='bbox 214 1840 350 1882; x_wconf 89' lang='lat' dir='ltr'>brevis</span> <span class='ocrx_word' id='word_1_93' title='bbox 395 1840 551 1881; x_wconf 86' lang='lat' dir='ltr'>libellus</span> <span class='ocrx_word' id='word_1_94' title='bbox 599 1847 798 1894; x_wconf 86' lang='lat' dir='ltr'>emptores</span> <span class='ocrx_word' id='word_1_95' title='bbox 843 1839 1004 1881; x_wconf 89' lang='lat' dir='ltr'>habebit</span> <span class='ocrx_word' id='word_1_96' title='bbox 1045 1854 1125 1880; x_wconf 88' lang='lat' dir='ltr'>non</span> <span class='ocrx_word' id='word_1_97' title='bbox 1168 1853 1339 1894; x_wconf 84' lang='lat' dir='ltr'>paucos,</span> <span class='ocrx_word' id='word_1_98' title='bbox 1387 1837 1452 1892; x_wconf 83' lang='lat' dir='ltr'>qui</span> 
     </span>
     <span class='ocr_line' id='line_1_14' title="bbox 124 1911 1450 1968; baseline -0.002 -14"><span class='ocrx_word' id='word_1_99' title='bbox 124 1921 288 1968; x_wconf 86' lang='lat' dir='ltr'>praeter</span> <span class='ocrx_word' id='word_1_100' title='bbox 316 1914 443 1968; x_wconf 91' lang='lat' dir='ltr'>ipsum</span> <span class='ocrx_word' id='word_1_101' title='bbox 474 1920 749 1967; x_wconf 83' lang='lat' dir='ltr'>argumentum</span> <span class='ocrx_word' id='word_1_102' title='bbox 793 1912 911 1952; x_wconf 85' lang='lat' dir='ltr'>aliam</span> <span class='ocrx_word' id='word_1_103' title='bbox 950 1911 1332 1954; x_wconf 84' lang='lat' dir='ltr'>commendationem</span> <span class='ocrx_word' id='word_1_104' title='bbox 1371 1925 1450 1951; x_wconf 91' lang='lat' dir='ltr'>non</span> 
     </span>
     <span class='ocr_line' id='line_1_15' title="bbox 124 1985 1450 2040; baseline -0.002 -13"><span class='ocrx_word' id='word_1_105' title='bbox 124 1986 344 2040; x_wconf 86' lang='lat' dir='ltr'>requirant.</span> <span class='ocrx_word' id='word_1_106' title='bbox 388 1986 532 2026; x_wconf 90' lang='lat' dir='ltr'>nedum</span> <span class='ocrx_word' id='word_1_107' title='bbox 562 1999 715 2036; x_wconf 86' lang='lat' dir='ltr'>meam,</span> <span class='ocrx_word' id='word_1_108' title='bbox 758 1999 874 2039; x_wconf 91' lang='lat' dir='ltr'>quem</span> <span class='ocrx_word' id='word_1_109' title='bbox 905 1985 970 2039; x_wconf 88' lang='lat' dir='ltr'>qui</span> <span class='ocrx_word' id='word_1_110' title='bbox 1008 1985 1048 2025; x_wconf 93' lang='lat' dir='ltr'>in</span> <span class='ocrx_word' id='word_1_111' title='bbox 1086 1985 1161 2026; x_wconf 85' lang='lat' dir='ltr'>hoc</span> <span class='ocrx_word' id='word_1_112' title='bbox 1190 1998 1340 2039; x_wconf 89' lang='lat' dir='ltr'>genere</span> <span class='ocrx_word' id='word_1_113' title='bbox 1370 1998 1450 2024; x_wconf 88' lang='lat' dir='ltr'>non</span> 
     </span>
     <span class='ocr_line' id='line_1_16' title="bbox 124 2056 1448 2111; baseline -0.002 -12"><span class='ocrx_word' id='word_1_114' title='bbox 124 2058 222 2099; x_wconf 86' lang='lat' dir='ltr'>nihil</span> <span class='ocrx_word' id='word_1_115' title='bbox 262 2058 536 2099; x_wconf 82' lang='lat' dir='ltr'>elaboravisse</span> <span class='ocrx_word' id='word_1_116' title='bbox 577 2058 731 2109; x_wconf 79' lang='lat' dir='ltr'>sciunt,</span> <span class='ocrx_word' id='word_1_117' title='bbox 781 2057 809 2098; x_wconf 88' lang='lat' dir='ltr'>ii</span> <span class='ocrx_word' id='word_1_118' title='bbox 848 2072 898 2099; x_wconf 91' lang='lat' dir='ltr'>ne</span> <span class='ocrx_word' id='word_1_119' title='bbox 939 2056 1011 2098; x_wconf 86' lang='lat' dir='ltr'>hoc</span> <span class='ocrx_word' id='word_1_120' title='bbox 1052 2057 1207 2111; x_wconf 89' lang='lat' dir='ltr'>quidem</span> <span class='ocrx_word' id='word_1_121' title='bbox 1245 2058 1448 2111; x_wconf 89' lang='lat' dir='ltr'>ignorant,</span> 
     </span>
     <span class='ocr_line' id='line_1_17' title="bbox 124 2128 1447 2185; baseline 0 -15"><span class='ocrx_word' id='word_1_122' title='bbox 124 2145 240 2184; x_wconf 88' lang='lat' dir='ltr'>quam</span> <span class='ocrx_word' id='word_1_123' title='bbox 270 2145 349 2171; x_wconf 88' lang='lat' dir='ltr'>non</span> <span class='ocrx_word' id='word_1_124' title='bbox 380 2132 600 2172; x_wconf 84' lang='lat' dir='ltr'>clementer</span> <span class='ocrx_word' id='word_1_125' title='bbox 630 2131 677 2171; x_wconf 91' lang='lat' dir='ltr'>de</span> <span class='ocrx_word' id='word_1_126' title='bbox 707 2130 883 2171; x_wconf 81' lang='lat' dir='ltr'>mirificis</span> <span class='ocrx_word' id='word_1_127' title='bbox 926 2131 1170 2185; x_wconf 89' lang='lat' dir='ltr'>quorundam</span> <span class='ocrx_word' id='word_1_128' title='bbox 1215 2128 1447 2170; x_wconf 83' lang='lat' dir='ltr'>commentis</span> 
     </span>
     <span class='ocr_line' id='line_1_18' title="bbox 126 2201 1449 2254; baseline 0 -13"><span class='ocrx_word' id='word_1_129' title='bbox 126 2201 296 2243; x_wconf 81' lang='lat' dir='ltr'>dixerim</span> <span class='ocrx_word' id='word_1_130' title='bbox 326 2217 430 2243; x_wconf 88' lang='lat' dir='ltr'>anno</span> <span class='ocrx_word' id='word_1_131' title='bbox 459 2201 681 2254; x_wconf 91' lang='lat' dir='ltr'>XXXVI,</span> <span class='ocrx_word' id='word_1_132' title='bbox 724 2218 810 2244; x_wconf 82' lang='lat' dir='ltr'>eum</span> <span class='ocrx_word' id='word_1_133' title='bbox 849 2203 891 2244; x_wconf 91' lang='lat' dir='ltr'>in</span> <span class='ocrx_word' id='word_1_134' title='bbox 921 2203 1154 2244; x_wconf 84' lang='lat' dir='ltr'>definiendis</span> <span class='ocrx_word' id='word_1_135' title='bbox 1184 2201 1333 2243; x_wconf 89' lang='lat' dir='ltr'>Tibulli</span> <span class='ocrx_word' id='word_1_136' title='bbox 1362 2215 1449 2242; x_wconf 86' lang='lat' dir='ltr'>car·</span> 
     </span>
     <span class='ocr_line' id='line_1_19' title="bbox 126 2273 1447 2330; baseline 0.001 -17"><span class='ocrx_word' id='word_1_137' title='bbox 126 2273 272 2314; x_wconf 88' lang='lat' dir='ltr'>minum</span> <span class='ocrx_word' id='word_1_138' title='bbox 294 2274 536 2328; x_wconf 87' lang='lat' dir='ltr'>temporibus</span> <span class='ocrx_word' id='word_1_139' title='bbox 558 2273 782 2316; x_wconf 85' lang='lat' dir='ltr'>Horatiana</span> <span class='ocrx_word' id='word_1_140' title='bbox 811 2275 906 2316; x_wconf 86' lang='lat' dir='ltr'>mihi</span> <span class='ocrx_word' id='word_1_141' title='bbox 935 2275 1167 2330; x_wconf 88' lang='lat' dir='ltr'>attingenda</span> <span class='ocrx_word' id='word_1_142' title='bbox 1191 2281 1342 2316; x_wconf 87' lang='lat' dir='ltr'>essent.</span> <span class='ocrx_word' id='word_1_143' title='bbox 1374 2273 1447 2314; x_wconf 85' lang='lat' dir='ltr'>hoc</span> 
     </span>
     <span class='ocr_line' id='line_1_20' title="bbox 124 2345 1446 2403; baseline 0 -18"><span class='ocrx_word' id='word_1_144' title='bbox 124 2353 167 2386; x_wconf 91' lang='lat' dir='ltr'>tu</span> <span class='ocrx_word' id='word_1_145' title='bbox 226 2345 369 2386; x_wconf 84' lang='lat' dir='ltr'>iudicio</span> <span class='ocrx_word' id='word_1_146' title='bbox 428 2359 516 2386; x_wconf 89' lang='lat' dir='ltr'>meo</span> <span class='ocrx_word' id='word_1_147' title='bbox 575 2347 715 2387; x_wconf 85' lang='lat' dir='ltr'>callide</span> <span class='ocrx_word' id='word_1_148' title='bbox 777 2348 996 2402; x_wconf 88' lang='lat' dir='ltr'>praeterito</span> <span class='ocrx_word' id='word_1_149' title='bbox 1057 2347 1210 2403; x_wconf 88' lang='lat' dir='ltr'>magnis</span> <span class='ocrx_word' id='word_1_150' title='bbox 1267 2345 1446 2388; x_wconf 86' lang='lat' dir='ltr'>laudibus</span> 
     </span>
     <span class='ocr_line' id='line_1_21' title="bbox 101 2409 1448 2470; baseline 0.001 -13"><span class='ocrx_word' id='word_1_151' title='bbox 101 2409 214 2466; x_wconf 62' lang='lat' dir='ltr'>&#39;wag</span> <span class='ocrx_word' id='word_1_152' title='bbox 241 2418 452 2467; x_wconf 81' lang='grc' dir='ltr'><em>δοκοῦντας</em></span> <span class='ocrx_word' id='word_1_153' title='bbox 482 2418 686 2470; x_wconf 76' lang='lat' dir='ltr'>extulisti,</span> <span class='ocrx_word' id='word_1_154' title='bbox 728 2433 778 2460; x_wconf 93' lang='lat' dir='ltr'>ne</span> <span class='ocrx_word' id='word_1_155' title='bbox 809 2420 1007 2460; x_wconf 90' lang='lat' dir='ltr'>sentirent</span> <span class='ocrx_word' id='word_1_156' title='bbox 1045 2420 1198 2462; x_wconf 86' lang='lat' dir='ltr'>scilicet</span> <span class='ocrx_word' id='word_1_157' title='bbox 1225 2427 1266 2460; x_wconf 86' lang='lat' dir='ltr'>te</span> <span class='ocrx_word' id='word_1_158' title='bbox 1294 2418 1335 2458; x_wconf 93' lang='lat' dir='ltr'>in</span> <span class='ocrx_word' id='word_1_159' title='bbox 1363 2431 1448 2458; x_wconf 88' lang='lat' dir='ltr'>ma-</span> 
     </span>
     <span class='ocr_line' id='line_1_22' title="bbox 124 2487 1445 2544; baseline 0.002 -17"><span class='ocrx_word' id='word_1_160' title='bbox 124 2487 274 2531; x_wconf 87' lang='lat' dir='ltr'>ioribus</span> <span class='ocrx_word' id='word_1_161' title='bbox 306 2488 524 2544; x_wconf 89' lang='lat' dir='ltr'>quibusque</span> <span class='ocrx_word' id='word_1_162' title='bbox 566 2498 607 2531; x_wconf 90' lang='lat' dir='ltr'>et</span> <span class='ocrx_word' id='word_1_163' title='bbox 645 2491 869 2534; x_wconf 85' lang='lat' dir='ltr'>difficilibus</span> <span class='ocrx_word' id='word_1_164' title='bbox 907 2492 1028 2534; x_wconf 91' lang='lat' dir='ltr'>rebus</span> <span class='ocrx_word' id='word_1_165' title='bbox 1068 2493 1116 2534; x_wconf 84' lang='lat' dir='ltr'>ab</span> <span class='ocrx_word' id='word_1_166' title='bbox 1157 2493 1214 2533; x_wconf 89' lang='lat' dir='ltr'>eis</span> <span class='ocrx_word' id='word_1_167' title='bbox 1253 2491 1445 2531; x_wconf 86' lang='lat' dir='ltr'>secedere</span> 
     </span>
    </p>
   </div>
   <div class='ocr_carea' id='block_1_3' title="bbox 124 2561 1446 2667">
    <p class='ocr_par' dir='ltr' id='par_1_3' title="bbox 124 2561 1446 2667">
     <span class='ocr_line' id='line_1_23' title="bbox 124 2561 1446 2618; baseline 0.002 -17"><span class='ocrx_word' id='word_1_168' title='bbox 124 2567 164 2600; x_wconf 88' lang='lat' dir='ltr'>et</span> <span class='ocrx_word' id='word_1_169' title='bbox 193 2561 325 2603; x_wconf 90' lang='lat' dir='ltr'>redire</span> <span class='ocrx_word' id='word_1_170' title='bbox 364 2577 478 2616; x_wconf 84' lang='lat' dir='ltr'>quam</span> <span class='ocrx_word' id='word_1_171' title='bbox 509 2563 692 2618; x_wconf 72' lang='lat' dir='ltr'>proxime</span> <span class='ocrx_word' id='word_1_172' title='bbox 722 2565 771 2606; x_wconf 90' lang='lat' dir='ltr'>ad</span> <span class='ocrx_word' id='word_1_173' title='bbox 802 2580 992 2607; x_wconf 88' lang='lat' dir='ltr'>summam</span> <span class='ocrx_word' id='word_1_174' title='bbox 1021 2563 1283 2607; x_wconf 86' lang='lat' dir='ltr'>Bentleianae</span> <span class='ocrx_word' id='word_1_175' title='bbox 1314 2562 1446 2618; x_wconf 85' lang='lat' dir='ltr'>dispu-</span> 
     </span>
     <span class='ocr_line' id='line_1_24' title="bbox 1399 2648 1414 2667; baseline 0 0"><span class='ocrx_word' id='word_1_176' title='bbox 1399 2648 1414 2667; x_wconf 73' lang='lat'><em>1</em></span> 
     </span>
    </p>
   </div>
  </div>
 </body>
</html>
