1643 2959
688 233 868 274 ——204
911 254 966 261 —-

168 352 284 390 quam
317 341 489 390 Auqustz'
522 340 607 377 dies
640 343 793 380 natalis
827 352 877 378 ex
910 341 1069 378 Patrum
1096 339 1252 378 decreto
1281 341 1364 388 jam
1397 341 1488 379 inde

168 403 217 440 ab
244 415 279 440 a.
307 403 391 439 725.
420 403 541 437 festus
569 401 757 447 agebatur
784 398 889 455 (Dio
917 403 988 453 51,
1025 402 1084 439 19.
1120 399 1160 439 ἕν
1193 414 1235 440 τε
1266 404 1349 449 τοῖς
1381 415 1490 451 γενε-

165 463 302 509 θλίοις
328 461 449 499 αὐτοῦ
473 463 540 499 καῖ
565 457 605 499 ἒν
630 463 678 512 τῇ
702 463 770 511 τῆς
796 462 980 512 ἀγγελίας
1005 463 1073 510 τῆς
1090 464 1194 510 νίκης
1226 461 1354 518 ἡμέρᾳ
1385 462 1492 517 ἱερο-

165 527 307 574 μηνίαν
333 520 495 561 εἴναι-ο
519 520 749 576 ἔγνωσαν),
775 526 920 572 majore
947 527 1077 561 tamen
1098 527 1286 574 apparatu
1303 526 1344 562 et
1369 526 1493 573 splen-

168 586 260 622 dore
296 585 463 633 primum
498 585 787 623 concelebratus
815 598 900 623 esse
927 586 1082 623 videtur
1109 597 1219 624 anno
1246 598 1286 625 u.
1315 597 1347 624 c.
1375 587 1494 636 734„

167 646 310 694 quippe
338 657 415 694 quo
441 646 555 683 ludos
583 650 783 695 equestres
811 648 936 684 editos
964 650 1003 684 ct
1031 648 1258 685 venationes
1286 647 1334 684 ab
1362 647 1496 684 aedili-

166 708 239 744 bus
266 708 464 744 institutas
491 709 611 745 fuisse
637 711 770 745 narrat
795 710 872 747 Dio
900 710 962 759 54,
990 709 1027 745 8.
1055 705 1162 764 (ἰδίᾳ
1189 705 1231 747 δὲ
1259 704 1305 756 δὴ
1334 705 1372 745 οἳ
1398 706 1497 756 ἀγο-

166 768 335 819 ρανόμοι
362 766 638 822 ῖπποδρομίαν
662 782 704 807 τε
730 766 770 807 ἓν
795 769 878 817 τοῖς
911 770 982 808 τοῦ
1000 769 1242 819 Αὐγούστου
1276 768 1498 819 γενεθλίοις

166 831 231 867 καί
257 830 413 882 θηρίων
439 829 597 882 σφαγὰς
622 827 857 885 ἐποίησαν.)
913 832 1026 875 Quod
1053 832 1087 868 si
1106 833 1188 879 jam
1222 832 1330 880 prius
1356 832 1499 868 factum

166 893 324 943 fuisset,
351 892 456 929 haud
483 893 599 930 dubie
618 893 783 940 scriptor
800 895 1062 930 memorasset.
1106 894 1247 931 Postea
1267 893 1371 929 enim
1388 891 1497 928 iden-

168 953 289 990 tidem
315 953 430 1000 hujus
456 954 515 990 rei
541 954 727 990 meminit.
757 955 802 990 cf.
830 954 895 990 lib.
924 955 993 1003 54,
1021 954 1081 990 26.
1110 956 1150 990 et
1176 954 1236 990 34.
1264 954 1326 1004 56,
1353 954 1414 990 29.

266 1015 401 1062 Itaque
437 1015 589 1051 Horatii
623 1016 791 1062 epistola
824 1014 950 1061 pridie
987 1015 1212 1051 sollemnem
1247 1014 1326 1051 diei
1358 1014 1498 1050 natalis

166 1076 333 1121 Augusti
359 1075 658 1111 celebrationem
684 1074 851 1122 primum
877 1086 911 1111 a.
940 1074 1025 1111 734.
1052 1075 1252 1121 magnifica
1276 1085 1418 1124 pompa
1442 1075 1500 1110 in-

105 1168 107 1170 .
169 1137 343 1173 stitutam
369 1137 394 1173 i.
424 1148 445 1173 e
471 1138 607 1174 XXII.
634 1137 847 1184 Seplembr.
877 1148 914 1174 α.
944 1136 1045 1173 734.
1074 1137 1217 1184 scripta
1235 1139 1305 1174 est.
1324 1158 1375 1165 —
1402 1137 1499 1174 Gro-

168 1199 233 1235 tef.
261 1209 300 1246 p.
328 1199 413 1235 474.
442 1209 499 1236 a..·
524 1209 582 1247 pr.
610 1197 665 1235 Id.
693 1197 768 1235 Jul.
798 1198 907 1249 735.;
934 1197 1111 1236 Kirchn.:
1139 1198 1223 1235 733.

270 1321 562 1359 RPIS'I'OLA
595 1323 676 1359 vl.
736 1322 838 1372 „Nil
869 1323 1094 1360 admirari71‘
1127 1322 1177 1359 ob
1212 1333 1247 1359 v.
1275 1322 1337 1358 26.
1367 1322 1502 1371 „Cum

171 1385 269 1421 bene
293 1390 435 1422 nolum
460 1386 695 1423 Porticus
729 1385 993 1432 Aqrippae
1029 1380 1071 1422 ec*
1091 1387 1160 1421 ria
1185 1388 1222 1422 le
1248 1385 1503 1431 conspexerit

170 1445 301 1493 Appi»
334 1449 425 1494 post
459 1458 493 1482 a.
530 1447 615 1482 729.
651 1447 866 1494 composita
900 1457 986 1482 csse
1023 1445 1159 1495 debet,
1196 1445 1277 1482 sive
1312 1444 1502 1493 porticum

172 1518 298 1555 prope
331 1508 533 1544 Pantheon
568 1509 616 1545 ab
651 1508 825 1555 Agrippa
861 1519 897 1544 α.
934 1508 1037 1544 729.
1064 1505 1287 1552 confectam
1313 1503 1412 1559 (Dio
1439 1506 1501 1554 53,

171 1569 232 1605 27.
261 1568 307 1605 τό
333 1583 373 1606 τε
400 1569 608 1607 Πάνθειον
635 1568 918 1617 ὠνομασμένον
944 1565 1159 1620 ἐξετέλεσε)
1186 1567 1392 1617 intelligis,
1420 1567 1502 1603 sive

173 1641 259 1665 cum
285 1632 507 1667 Wcichcrto
521 1633 724 1678 porticum
742 1632 918 1678 Neptuni
934 1630 995 1666 vel
1012 1629 1347 1677 Aryonautamm
1366 1628 1502 1664 eodem

173 1702 274 1727 anno
309 1692 356 1728 ab
391 1693 567 1740 Agrippa
602 1694 848 1728 exstructam.
901 1692 1106 1728 Praeterea
1136 1690 1191 1726 nil
1219 1689 1425 1725 inveneris.
1453 1710 1504 1717 —

172 1753 342 1788 Masson.
383 1753 450 1788 vit.
492 1755 584 1790 Hor.
625 1764 662 1800 p.
702 1751 788 1788 213.
829 1752 1033 1800 epistolam
1073 1750 1285 1799 assignavit
1327 1762 1360 1786 a.
1402 1750 1502 1799 729.·‚

175 1813 328 1850 Kirchn.
357 1816 384 1850 t.
414 1814 492 1850 chr.
522 1826 555 1851 a.
586 1814 670 1850 738.
699 1810 793 1866 (!)‚
821 1815 968 1851 Grotes.
995 1825 1033 1861 p.
1063 1813 1147 1849 474.
1175 1824 1209 1849 a.
1237 1812 1322 1848 735.
1349 1832 1399 1838 —-

273 1937 563 1974 EPISTOLA
588 1937 692 1974 vn.
741 1938 959 1989 „Quinque
993 1938 1104 1975 dies)
1138 1948 1161 1974 a
1194 1937 1377 1974 Mass-ono
1413 1931 1501 1987 (vit.

175 2001 267 2038 Hor.
296 2011 333 2048 p.
361 1999 500 2053 231.)‚
537 1999 761 2049 Sanadono‚
789 2000 1013 2036 Weicherto
1041 1995 1108 2051 (p.
1143 1998 1211 2035 rel.
1247 2010 1284 2047 p.
1314 1993 1430 2048 458.)
1465 1998 1504 2032 et

176 2061 330 2098 Kirchn.
359 2059 458 2112 (tab.
488 2057 588 2114 chr.)
615 2072 715 2098 anno
742 2062 827 2098 731.
864 2061 1097 2098 adscribitur
1130 2059 1234 2096 haud
1260 2056 1503 2107 improbabili

175 2123 404 2169 conjectura.
456 2123 556 2160 Nam
582 2124 684 2171 quod
711 2123 805 2160 dicit
820 2124 953 2160 Horat.
982 2134 1016 2158 v.
1049 2122 1128 2158 11.:
1150 2121 1334 2170 „Quodsi
1357 2121 1505 2156 bruma

176 2186 286 2221 nic-es
312 2185 481 2222 Albanis
505 2186 632 2221 illinet
658 2187 790 2234 myris,
817 2185 883 2222 Ad
907 2195 1022 2221 mare
1049 2183 1258 2220 descendet
1273 2184 1385 2217 cales
1408 2183 1504 2216 {uus

177 2250 215 2282 et
237 2246 313 2281 sibe·
343 2247 528 2295 parcas-⁹
562 2245 602 2282 id
629 2247 799 2282 referunt
834 2245 884 2281 ad
918 2246 1012 2293 iter,
1047 2241 1150 2291 quod
1185 2241 1310 2278 hieme
1346 2251 1380 2277 a.
1417 2240 1502 2276 731.

177 2306 325 2342 Veliam
352 2310 390 2342 et
416 2308 614 2344 Salernum
641 2306 858 2354 suscepisse
883 2305 1038 2341 videtur
1063 2299 1198 2355 (epist.
1219 2298 1313 2355 15.).
1331 2323 1381 2329 —
1408 2302 1504 2337 Gro-

179 2368 242 2403 tes.
270 2378 307 2415 p.
336 2367 419 2403 474.
449 2380 481 2404 a.
511 2368 712 2417 epistolam
739 2378 869 2404 mense
897 2364 1114 2415 Septembri
1140 2375 1174 2400 a.
1203 2364 1286 2400 735.
1315 2361 1503 2410 composi-

178 2431 259 2465 tum
286 2439 371 2464 esse
399 2433 539 2465 censet.

280 2550 571 2588 ErlswonA
603 2551 729 2587 vul.
781 2552 921 2599 „Celso
952 2551 1160 2599 „quatiere”
1197 2548 1308 2587 Celso
1342 2546 1502 2585 Albino-

181 2624 301 2662 vano,
329 2613 456 2651 comiti
485 2613 709 2661 scribaeque
735 2612 921 2662 Neronis,
958 2612 1101 2660 scripta
1127 2610 1231 2650 haud
1257 2609 1372 2647 dubie
1405 2609 1502 2646 refe-
