1643 2959
616 167 892 211 —105—

91 283 134 317 ut
160 279 208 316 de
236 279 391 316 aedium
418 280 680 318 exstructione
708 280 868 329 cogites,
896 281 979 315 tum
995 276 1100 326 quod
1126 288 1191 314 eas
1212 277 1296 324 jam
1322 289 1422 316 anno

90 341 176 378 723.
203 353 227 378 a
252 342 478 379 Maecenate
506 342 700 379 habitatas
728 353 814 379 esse
841 343 1005 390 constat,
1032 342 1131 377 teste
1155 341 1290 377 Horat.
1311 341 1422 389 epod.

90 403 136 453 9,
172 403 192 439 1
222 413 278 451 sq.
315 406 355 440 et
382 405 460 441 Sat.
496 404 541 455 2,
576 405 612 441 6.
649 404 697 441 32
733 415 788 452 sq.
850 403 946 440 Inde
988 402 1234 440 manifestum
1273 404 1334 439 est
1376 413 1426 438 ex

89 464 291 513 utriusque
341 466 417 503 loci
467 466 754 514 comparatione
804 476 1049 514 nequaquam
1090 476 1205 513 posse
1249 474 1426 501 caussam

91 525 200 576 elici,
230 538 306 574 qua
332 530 532 575 permotus
559 527 726 564 Satiram
754 527 789 577 1,
817 527 852 563 8.
882 528 1057 575 proxime
1085 529 1175 564 ante
1202 528 1280 564 Sat.
1316 526 1362 576 2,
1389 525 1425 561 3.

91 590 291 625 exaratam
325 589 443 626 dicas.
496 589 618 626 Immo
654 600 742 626 cum
776 589 1033 636 complanatio
1077 590 1117 626 et
1159 588 1318 626 siccatio
1352 587 1429 624 loci

91 651 171 686 tam
196 650 390 701 paludosi,
417 653 461 687 ut
487 662 554 688 aer
581 662 733 688 crassus
762 653 801 687 et
828 653 1030 688 concretus
1048 650 1240 687 vicinitati
1255 650 1428 698 noceret,

91 710 196 748 haud
223 711 340 748 dubie
365 712 534 760 plurium
559 723 748 749 annorum
780 712 954 749 laborem
980 712 1208 761 postularet,
1235 711 1429 748 absoluta-

91 783 167 820 que
195 772 355 810 deberet
383 785 492 823 esse,
527 775 736 821 antequam
769 784 958 809 novarum
992 774 1148 811 aedium
1180 772 1432 809 fundamenta

83 834 328 880 jacerentur:
357 837 466 883 patet
493 846 581 872 cum
606 834 927 884 aedificationem,
955 846 1054 882 quae
1081 847 1117 872 a.
1147 835 1231 871 723.
1251 834 1302 871 ad
1317 835 1432 870 finem

89 895 279 943 perducta
321 899 446 946 esset,
498 898 582 933 tum
624 897 748 943 magis
792 897 911 933 etiam
955 897 1156 933 hortorum
1200 897 1433 933 structuram

89 957 212 994 multo
251 959 341 995 ante
381 969 416 995 a.
452 957 538 994 723.
579 958 776 1007 inceptam
814 959 947 995 fuisse.
1001 958 1132 995 Satira
1166 960 1297 994 autem
1325 958 1369 1008 1,
1397 958 1431 994 8.

93 1020 239 1067 scripta
279 1022 340 1056 est
379 1021 588 1068 antequam
623 1021 833 1068 sepulcreti
867 1020 1125 1068 complanatio
1161 1019 1340 1056 absoluta
1374 1031 1433 1055 es-

93 1084 166 1130 set,
194 1081 235 1118 id
262 1081 366 1129 quod
392 1084 549 1129 praeter
574 1094 631 1118 vs.
663 1083 721 1118 15.
751 1082 811 1119 20.
841 1085 881 1118 et
907 1083 968 1119 36.
996 1082 1214 1118 luculenter
1239 1092 1434 1118 common-

92 1145 217 1179 strant
242 1154 299 1179 vs.
337 1143 382 1179 17
421 1154 501 1193 sq.,
541 1143 645 1180 unde
686 1144 784 1181 adeo
824 1146 1022 1180 recentem
1062 1143 1205 1180 montis
1247 1144 1435 1180 culturam

90 1204 211 1241 fuisse
238 1206 422 1254 apparet,
458 1207 502 1241 ut
527 1216 577 1242 ne
604 1207 708 1242 fures
737 1205 894 1253 quidem
921 1207 1103 1253 feraeque
1138 1205 1265 1241 locum
1290 1215 1436 1241 vexare

90 1266 317 1302 desuevisse
346 1266 537 1303 dicantur.
592 1267 679 1310 Qua
707 1266 754 1303 de
790 1278 832 1304 re
861 1267 1032 1304 dubitari
1066 1266 1203 1314 nequit
1239 1266 1332 1314 quin
1367 1277 1434 1302 an-

89 1337 184 1364 num
210 1339 247 1364 u.
276 1339 308 1364 c.
338 1327 423 1365 720.
452 1329 574 1365 multo
601 1328 868 1365 antecesserit.
913 1328 1044 1366 Debet
1071 1330 1201 1364 autem
1228 1331 1319 1376 post
1345 1339 1434 1365 ann.

91 1388 177 1425 717.
207 1390 421 1437 composita
448 1402 547 1426 esse.
599 1389 698 1428 Vide
724 1389 844 1436 igitur
869 1400 919 1426 ne
947 1400 1091 1426 annum
1118 1389 1204 1427 718.
1233 1390 1436 1427 verissime

91 1450 130 1486 ei
156 1450 436 1497 assignaverim
462 1451 643 1487 natalem.
671 1474 721 1478 --
748 1451 959 1487 VVeichert.
989 1451 1037 1488 de
1064 1453 1153 1489 Var.
1192 1453 1231 1488 et
1259 1452 1366 1489 Cass.
1395 1464 1432 1500 p.

93 1511 153 1548 48.
182 1523 216 1549 a.
245 1512 448 1562 719—20.,
477 1513 625 1549 Grotcs.
654 1524 691 1560 p.
721 1512 806 1549 460.
823 1512 860 1549 b.
889 1523 977 1549 ann.
1007 1513 1093 1549 715.
1131 1524 1217 1550 cam
1253 1514 1436 1563 scriptam

93 1585 180 1611 esse
207 1575 422 1611 autumant.
451 1574 497 1610 cf.
525 1573 683 1611 Kirchn.
713 1576 861 1622 quaest.
891 1586 927 1623 p.
957 1575 1017 1612 27.
1047 1573 1084 1625 ἓ.
1112 1575 1173 1611 50.

195 1697 454 1734 SATIRA
479 1697 564 1734 lx-
609 1699 762 1748 „Ibam
784 1696 891 1746 forle
916 1696 1020 1738 υἱώ(
1049 1700 1195 1748 scripta
1231 1702 1312 1750 cst,
1349 1710 1436 1737 cum

94 1760 280 1797 Horatius
301 1759 384 1806 jam
410 1760 467 1796 ita
491 1760 534 1796 in
560 1761 686 1807 gratia
710 1761 952 1798 Maecenatis
981 1764 1107 1811 esset,
1136 1764 1180 1798 ut
1205 1772 1285 1797 non
1312 1762 1437 1799 solum

95 1822 138 1858 in
164 1821 248 1858 dies
275 1822 439 1859 aliorum
464 1821 683 1858 invidentia
709 1825 963 1872 accresceret,
990 1834 1126 1859 verum
1153 1823 1271 1859 etiam
1289 1826 1436 1873 essent,

95 1884 164 1932 qui
191 1883 274 1929 ejus
301 1883 532 1920 auctoritate
561 1885 600 1918 ct
626 1884 906 1920 intercessione
943 1894 984 1920 se
1019 1883 1076 1920 illi
1111 1883 1299 1921 traditum
1333 1896 1436 1921 com-

96 1945 398 1993 mendatumque
426 1946 613 1992 cuperent
639 1940 698 1993 (v.
727 1944 774 1981 43
803 1941 896 1998 sq.).
952 1945 1050 1982 Cum
1075 1946 1196 1992 igitur
1223 1957 1273 1982 ex
1297 1946 1347 1983 iis
1375 1958 1435 1983 sa-

95 2006 181 2043 tiris
209 2016 308 2054 quae
334 2005 574 2055 praecedunt
599 2006 705 2043 nulla
730 2008 811 2043 tam
829 2008 952 2044 artam
978 2007 1218 2044 Maecenatis
1246 2010 1286 2044 ct
1310 2009 1436 2045 Hora-

95 2068 142 2105 tii
167 2067 470 2105 familiaritatem
496 2067 638 2116 prodat
662 2078 780 2116 quam
805 2069 915 2119 haec,
942 2068 1074 2106 nescio
1102 2080 1152 2106 an
1177 2080 1326 2107 summo
1346 2070 1436 2116 jure

96 2130 146 2166 iis
185 2129 365 2166 omnibus
405 2130 600 2177 posterior
639 2141 726 2167 esse
766 2131 928 2168 dicatur.
980 2132 1063 2169 Nec
1106 2131 1302 2169 abutimur
1340 2134 1436 2180 puto

97 2190 349 2228 divinationis
384 2191 629 2242 adjumento,
666 2193 699 2228 si
726 2203 813 2229 eam
838 2193 942 2230 intra
967 2193 1284 2241 praecedentium
1311 2196 1350 2230 et
1377 2205 1436 2230 se-

98 2253 252 2301 quentis
287 2254 464 2301 tempora
499 2254 688 2291 inclusam
723 2265 834 2293 anno
859 2253 948 2301 fere
973 2267 1012 2293 u.
1041 2266 1072 2292 c.
1103 2256 1206 2293 719.
1232 2257 1436 2294 edolatam

97 2326 184 2353 esse
220 2314 511 2365 contendimus,
555 2318 594 2351 ct
633 2326 752 2353 verno
791 2317 950 2365 quidem
989 2319 1163 2365 tempore
1203 2313 1261 2369 (V.
1299 2317 1358 2353 70.
1388 2317 1433 2353 cs.

99 2377 212 2414 Jahn.
240 2376 301 2413 ed.
329 2387 368 2424 p.
396 2373 517 2429 259.).
571 2376 681 2413 Idem
723 2378 870 2425 placuit
912 2378 1138 2415 Weicherto
1183 2378 1231 2415 de
1270 2379 1358 2415 Var.
1396 2380 1437 2414 ct

102 2438 208 2475 Cass.
236 2449 273 2486 p.
303 2439 361 2475 47.
390 2441 493 2487 poet.
522 2438 590 2475 rel.
618 2450 656 2486 p.
685 2439 769 2476 454.
799 2441 838 2475 et
864 2451 902 2488 p.
919 2440 1019 2490 303.,
1048 2442 1163 2489 atque
1180 2440 1336 2479 Passov.
1365 2439 1432 2476 vit.

102 2500 181 2535 not.
210 2499 294 2537 166.
323 2522 372 2529 -
398 2500 555 2538 Kirchn.
585 2500 662 2538 tab.
691 2501 769 2538 chr.
799 2500 882 2537 720.
