1643 2959
690 226 970 267 —110—

362 335 488 373 Verba
514 344 584 381 per
609 335 796 370 attentam
823 345 901 370 non
926 335 1038 370 ibunt
1064 334 1238 371 Caesaris
1265 345 1420 385 aurem3

361 397 432 433 Cui
459 395 557 430 male
585 395 618 430 si
644 395 823 445 palpere,
850 395 1070 432 recalcitrat
1094 394 1263 442 undique
1288 399 1408 433 tutus.

160 461 268 505 Quae
297 458 644 495 commemorantur
671 458 877 506 „vulnera
902 457 1043 494 Parthi
1068 457 1240 493 labentis
1265 468 1365 506 equo
1368 459 1413 507 ,⁷⁹
1439 468 1486 494 ea

159 523 227 558 vix
254 519 424 557 dubitari
450 517 594 565 poterit
621 517 714 564 quin
741 518 790 555 ad
807 530 840 555 a.
860 519 880 554 7
885 518 944 554 24.
973 518 1213 567 pertineant,
1242 518 1384 566 quippe
1411 529 1487 567 quo

159 582 393 620 Octavianus
421 579 469 617 ab
497 579 678 626 Aegypto
705 591 776 627 per
795 580 943 626 Syriam
970 582 1009 615 et
1027 580 1161 616 Asiam
1186 579 1374 616 minorem
1398 591 1487 627 pro-

157 646 279 682 fectus
316 644 355 678 et
391 640 634 678 subditorum
669 641 798 677 01111113
832 641 988 687 negotia
1022 643 1061 676 et
1095 641 1260 689 primum
1293 641 1488 678 Parthica

157 704 374 753 composuit
400 699 505 756 (Dio
535 703 640 739 Cass.
670 702 739 751 51,
777 702 836 739 18.
873 701 912 748 ἔς
946 714 987 739 τε
1019 699 1087 749 τὴν
1115 701 1257 739 Ἀσίαν
1290 699 1336 739 τὸ
1370 699 1490 747 ἔθνος

156 763 224 804 διὰ
256 766 324 813 τῆς
356 763 505 814 Συρίας
537 759 660 811 ἦλθε,
694 762 907 818 κᾴνταῦθα
941 765 1226 815 παρεχείμασε,
1261 764 1311 800 τά
1343 775 1386 800 τε
1410 761 1490 800 τῶν

156 827 341 876 ὑπηκόων
368 824 422 872 ὥς
457 825 602 863 ἕκαστα
628 826 693 861 καὶ
727 823 776 862 τὰ
804 825 885 863 τῶν
911 823 1100 876 Πάρθων
1127 822 1212 874 ἅμα
1237 823 1489 872 καθιστάμε-

156 903 234 936 νος.
287 890 398 926 Oros.
426 888 471 937 6,
502 887 560 923 19.
588 886 740 924 Dehinc
769 888 916 924 Caesar
942 886 1186 933 pedestribus
1213 886 1336 934 copiis
1363 885 1489 932 inSy-

156 952 254 989 riam
271 951 391 999 venit,
421 948 561 985 deinde
588 948 629 983 in
646 948 781 983 Asiam
799 947 847 983 ad
867 947 1030 983 hiberna
1053 943 1291 998 concessit.).
1347 948 1490 984 Contra

154 1014 360 1050 Phraatem
393 1009 596 1046 Teridates
632 1007 788 1055 quidam
824 1005 1056 1044 seditionem
1090 1010 1274 1044 moverat.
1326 1008 1489 1055 Utrique

155 1073 300 1111 auxilia
326 1071 496 1119 petenti,
525 1069 710 1117 quamdiu
744 1069 940 1105 Antonius
976 1071 1064 1116 post
1097 1079 1266 1117 pugnam
1291 1068 1490 1105 Actiacam

153 1134 319 1182 restitit,
357 1131 563 1177 denegavit
599 1131 844 1167 Octavianus.
899 1130 976 1167 Sed
1011 1132 1162 1166 mortuo
1197 1130 1369 1167 Antonio
1402 1140 1490 1166 cum

154 1196 358 1233 Teridates
394 1194 598 1241 superatus
633 1192 674 1228 in
701 1192 855 1238 Syriam
889 1192 1053 1238 fugisset
1088 1193 1127 1228 et
1151 1191 1337 1228 Phraates
1365 1191 1491 1228 victor

153 1259 303 1304 legatos
331 1255 379 1292 ad
409 1256 614 1291 Caesarem
640 1253 833 1302 misisset,
863 1254 1008 1291 Caesar
1034 1253 1156 1289 amice
1183 1252 1244 1289 his
1273 1251 1488 1302 respondit,

156 1321 196 1356 et
221 1317 418 1366 Teridati,
453 1318 497 1352 ut
531 1315 572 1351 in
608 1315 718 1361 Syria
751 1317 995 1364 versarctur,
1040 1313 1254 1363 concessit,
1294 1313 1491 1361 filiumque

155 1379 332 1418 Phraatis
347 1379 415 1415 aut
438 1389 461 1414 a
481 1377 663 1414 Teridate
680 1372 745 1428 (ut
758 1377 834 1414 Dio
856 1376 977 1413 tradit
994 1376 1061 1412 lib.
1081 1376 1142 1425 51,
1164 1375 1222 1411 18.
1237 1371 1340 1428 fin.),
1358 1376 1426 1411 aut
1439 1374 1490 1412 ab

154 1443 240 1490 ipso
249 1441 414 1478 Phraate
426 1436 616 1491 (testante
632 1438 818 1475 Strabone
832 1438 896 1475 VI.
911 1439 975 1474 fin.
995 1439 1040 1474 cf.
1058 1438 1275 1485 interprett.
1289 1436 1405 1474 Dion.
1423 1436 1448 1473 l.
1463 1436 1489 1474 1.

155 1504 249 1540 Strz.
279 1501 353 1539 vol.
381 1501 444 1538 VI.
474 1512 511 1548 p.
541 1500 600 1536 20.
629 1502 708 1536 not.
740 1495 847 1551 125.)
882 1497 1031 1536 obsidis
1065 1498 1151 1535 loco
1186 1500 1386 1546 acceptum
1412 1498 1491 1535 Ro-

156 1576 257 1602 mam
285 1563 447 1599 deduxit
474 1558 652 1613 (Sueten.
683 1562 816 1598 Octav.
847 1561 906 1597 43.
939 1560 1082 1597 Justin.
1111 1559 1173 1608 42,
1201 1556 1271 1611 5.).
1298 1581 1349 1588 —
1398 1560 1489 1597 Noli

155 1628 286 1663 autem
312 1625 492 1673 vulnera,
530 1634 628 1671 quae
663 1622 816 1659 Parthis
852 1622 901 1658 ab
938 1620 1153 1658 Octaviano
1179 1621 1328 1658 inflicta
1354 1621 1488 1658 dicun-

154 1691 238 1736 tur,
264 1687 320 1722 ita
346 1695 542 1733 premere,
571 1686 614 1719 ut
641 1683 825 1719 eximium
852 1682 1006 1730 aliquod
1034 1683 1175 1718 factum
1193 1682 1335 1730 respici
1361 1684 1486 1730 putes.

154 1750 253 1786 Nam
280 1757 520 1783 communem
538 1747 740 1793 poetarum
766 1744 868 1781 illius
897 1744 1037 1780 aetatis
1064 1755 1222 1793 morem,
1250 1746 1305 1792 ut,
1334 1743 1487 1780 etiamsi

155 1808 390 1847 Octavianus
424 1807 521 1844 nihil
557 1806 660 1854 quod
695 1805 902 1842 admodum
935 1805 1185 1841 memorabile
1221 1807 1326 1842 esset
1351 1805 1486 1841 adver-

154 1883 219 1908 sus
245 1870 409 1907 Parthos
444 1868 629 1917 gesserit,
664 1867 864 1913 magnifice
899 1869 1030 1903 tamen
1065 1866 1112 1903 de
1146 1867 1263 1903 rebus
1296 1866 1488 1903 Parthicis

153 1933 381 1980 loquantur,
410 1930 509 1967 hanc
535 1930 693 1977 inquam
719 1929 895 1966 veritatis
924 1929 1225 1977 superlationem
1250 1928 1313 1965 hic
1332 1938 1486 1976 quoque

154 1992 450 2031 animadvertes.
506 1991 710 2028 Horatium
736 1991 856 2037 igitur
882 1991 1022 2039 cogita,
1051 2001 1149 2038 quae
1170 1990 1218 2027 de
1238 1990 1487 2038 expeditione

154 2054 258 2091 haud
292 2053 437 2089 infelici
472 2064 653 2089 successu
694 2055 873 2101 suscepta
906 2052 982 2100 ipsi
1016 2057 1169 2088 rumore
1210 2051 1484 2100 innotuissent,

155 2127 200 2152 ea
226 2115 275 2152 ad
301 2114 503 2152 libidinem
530 2114 698 2151 auxisse.

253 2175 362 2213 Idem
387 2177 467 2213 fere
485 2175 592 2212 cadit
609 2176 650 2212 in
667 2176 732 2212 illa
750 2175 889 2211 verba:
909 2202 940 2224 5,
947 2172 1083 2221 fracta
1092 2178 1307 2221 pereuntes
1321 2176 1486 2222 cuspide

155 2239 323 2278 Gallos-'³
357 2249 477 2287 quae,
513 2237 696 2285 quonjam
729 2237 875 2273 nullum
917 2247 1046 2272 rerum
1088 2237 1282 2282 gestarum
1323 2235 1483 2272 fundum

156 2300 366 2348 haberent,
393 2299 526 2335 nescio
555 2299 604 2336 ad
630 2309 729 2347 quae
746 2298 961 2335 retulerunt
979 2299 1155 2345 tempora
1172 2297 1338 2333 inaniter
1364 2297 1481 2333 inter-

156 2363 297 2410 pretes.
350 2361 403 2397 At
436 2371 642 2409 perperam
677 2361 749 2396 hoe
788 2359 999 2409 affirmant3
1045 2358 1238 2407 siquidem
1277 2358 1380 2395 inter
1421 2369 1481 2407 ea,

157 2434 256 2471 quae
295 2422 439 2459 Caesar
477 2425 568 2459 ante
602 2433 771 2470 pugnam
806 2421 1007 2458 Actiacam
1033 2421 1132 2470 egit,
1168 2430 1247 2457 non
1284 2419 1482 2456 minimam

157 2484 234 2532 ipsi
277 2486 515 2532 pepererunt
548 2485 708 2530 gloriam
749 2484 912 2519 iteratae
947 2493 1041 2531 quas
1069 2482 1112 2518 in
1146 2480 1309 2518 Galliam
1352 2491 1481 2518 susce-

158 2545 217 2592 pit
252 2543 533 2593 expeditiones.
599 2546 699 2582 Nam
731 2554 809 2581 non
843 2544 966 2581 solum
1001 2544 1085 2591 ipse
1119 2543 1231 2579 initio
1265 2554 1298 2579 a.
1328 2542 1410 2579 715.
1438 2542 1479 2578 in

160 2606 302 2643 Gallias
329 2607 526 2654 profectus
553 2608 656 2657 erat,
683 2608 725 2643 ut
752 2605 941 2643 excitatos
967 2606 1093 2642 motus
1121 2604 1274 2642 sedaret
1300 2600 1398 2654 (Dio
1416 2602 1477 2651 48,
