1659 2948
688 193 964 235 -.»7,ἡ

164 308 188 343 i.
217 317 248 342 e.
277 307 344 342 aut
368 303 561 353 publicani
587 303 761 342 minister
788 306 827 341 et
847 303 1095 353 pecuniarum
1112 302 1200 339 huic
1222 300 1489 340 solvendarum

163 369 340 416 exactor,
376 368 442 403 aut
468 366 675 412 argentarii
700 365 970 402 mercenarius.
1024 364 1100 408 Qui
1125 374 1357 413 quamquam
1383 373 1488 413 „ma-

164 439 229 464 cro
261 438 409 475 pauper
442 427 619 475 agello,'⁷
646 422 753 478 (Sat.
783 427 818 475 1,
845 427 880 462 6.
908 423 999 478 71.)
1025 428 1069 463 ut
1093 426 1212 476 filius,
1249 435 1489 475 „pauperum

164 488 319 536 sanguis
345 487 572 536 parentans'
599 482 682 538 (od.
711 486 748 535 2,
775 487 836 522 20.
864 485 924 540 6.)
948 490 1053 525 recte
1081 498 1122 524 se
1147 486 1319 536 profiteri
1353 486 1488 533 potue-

162 549 214 585 rit
240 549 310 598 „in
334 547 442 585 tenui
467 559 509 584 re
535 547 700 595 majores
727 557 874 594 pennas
900 547 992 583 nido
1018 547 1262 585 extendisse³'
1289 542 1424 599 (epist.
1453 545 1489 594 1,

161 610 222 646 20.
245 606 355 660 21.)‚
391 611 430 646 et
455 621 481 646 a
503 609 683 657 politiore
709 607 943 644 urbanorum
977 607 1168 653 elegantia
1194 607 1393 646 abhorruit
1417 617 1489 643 nec

160 671 282 707 literis
309 670 383 706 fuit
407 670 600 706 excultus:
626 671 705 705 tam
731 668 925 717 praeclare
952 670 1082 704 tamen
1097 669 1208 716 pueri
1226 668 1491 705 educationem

161 731 342 779 instituit,
368 731 412 765 ut
437 740 516 766 non
540 729 757 766 mirandum
784 729 847 779 sit,
874 729 978 777 quod
997 728 1144 774 justam
1167 728 1491 777 invidendamque

160 792 223 829 vel
249 791 351 839 apud
375 792 552 838 posteros
579 790 763 827 meruerit
788 790 1024 826 memoriam.
1078 788 1171 826 Fuit
1195 789 1310 825 homo
1335 790 1436 836 frugi
1452 791 1492 827 et

160 853 361 901 honestus,
385 862 460 888 usu
486 853 526 888 et
551 851 826 889 exercitatione
853 850 1064 889 communis
1091 850 1195 886 vitae
1219 849 1365 898 pariter
1380 860 1489 898 prae-

160 913 264 950 ditus
299 914 414 960 atque
441 913 638 961 praeclaro
672 913 768 950 recti
801 913 1028 961 pulchrique
1063 922 1190 948 sensu.
1253 912 1349 949 Cum
1373 910 1492 957 igitur

159 975 354 1011 elucentes
380 974 422 1010 in
447 985 568 1022 puero
593 973 740 1020 ingenii
768 974 893 1024 dotes,
921 973 1116 1022 animique
1148 973 1320 1019 vigorem
1346 972 1386 1008 et
1411 971 1490 1018 agi-

157 1036 307 1073 litatem
337 1035 596 1085 perspiceret,
631 1035 764 1072 -noluit
795 1035 928 1072 ludum
953 1034 1212 1084 Venusinam,
1248 1033 1309 1070 eui
1334 1032 1489 1070 Flavius

157 1099 241 1134 tum
265 1098 445 1145 praeerat
469 1096 674 1146 magister,
702 1096 750 1133 ab
779 1096 954 1147 „infante
980 1106 1058 1133 non
1085 1095 1169 1133 sine
1193 1095 1266 1133 Dis
1294 1093 1490 1131 animoso'⁷

157 1158 407 1207 frequentari,
434 1168 665 1206 quamquam
690 1157 732 1194 in
758 1169 847 1196 eum

354 1240 406 1248 —-
429 1219 541 1267 pueri
567 1219 716 1266 magnis
744 1230 765 1256 e
792 1220 1083 1257 centurionibus
1109 1219 1199 1268 orti,

353 1281 484 1318 Laevo
512 1280 692 1329 suspensi
715 1280 862 1317 loculos
888 1280 1133 1329 tabulamque
1159 1280 1305 1316 lacerto

354 1342 468 1380 Ibant
483 1342 633 1379 octonis
650 1342 864 1379 referentes
878 1342 1011 1379 Idibus
1029 1352 1141 1392 aera3
1170 1337 1268 1394 (Sat.
1300 1339 1334 1389 1,
1351 1338 1387 1375 6.
1406 1335 1488 1390 73.)

157 1403 225 1440 sed
249 1403 383 1441 relicto
408 1404 532 1450 agello

354 1483 404 1490 -—
429 1484 480 1491 —
504 1475 667 1511 puerum
693 1467 753 1500 est
779 1475 895 1501 ausus
918 1465 1080 1501 Romam
1099 1466 1254 1514 portare
1274 1461 1488 1505 docendum
1543 1496 1546 1500 .

354 1523 484 1571 Artes,
512 1532 608 1569 quos
635 1523 772 1559 doceat
797 1525 924 1571 quivis
950 1536 1070 1572 eques
1096 1527 1212 1572 atque
1238 1524 1393 1559 senator

354 1583 484 1620 Semet
509 1585 730 1631 prognatos.

158 1645 261 1689 Qum
287 1645 327 1681 in
353 1646 462 1681 curta
488 1644 726 1692 supellectile
754 1643 900 1682 Romae
937 1655 1026 1681 eum
1060 1644 1157 1682 adeo
1183 1642 1395 1682 liberaliter
1420 1642 1487 1680 ho-

156 1709 342 1754 nesteque
368 1705 499 1742 vivere
521 1705 661 1755 jussit,
688 1706 732 1741 ut
757 1701 857 1758 (Sat.
887 1705 922 1756 l,
950 1705 986 1742 6.
1014 1702 1097 1758 87.)

352 1788 404 1796 -—-
428 1788 478 1795 —
502 1769 652 1804 vestem
679 1777 888 1815 servosque
916 1769 1122 1816 sequentes

353 1829 400 1866 In
425 1839 564 1875 magno
590 1830 634 1864 ut
659 1829 802 1877 populo
829 1828 863 1864 si
889 1828 956 1877 qui
982 1828 1158 1877 vidisset,
1185 1828 1290 1865 avita

353 1890 415 1926 Ex
439 1901 482 1926 re
508 1889 688 1937 praeberi
712 1890 887 1937 sumptus
912 1909 963 1917 --
986 1910 1037 1918 —
1063 1888 1240 1926 crederet
1263 1888 1360 1926 illos.

158 1954 266 1996 Quae
301 1950 429 1988 omnia
462 1961 535 1986 nec
569 1949 759 1986 commodi
794 1960 930 1986 caussa
954 1960 1026 1988 nec
1060 1950 1232 1987 vanitate
1257 1949 1423 1999 quadam
1447 1952 1486 1986 et

157 2014 264 2052 inani
290 2011 472 2059 gloriolae
499 2010 664 2058 aucupio
691 2009 827 2047 ductus
854 2010 966 2061 fecit,
1004 2010 1196 2059 siquidem
1229 2021 1303 2048 nec
1336 2012 1380 2048 ut
1403 2010 1484 2048 lau-

157 2076 295 2112 tiorem
320 2072 526 2121 aliquando
553 2072 628 2109 sibi
653 2071 752 2108 filius
777 2082 860 2109 rem
884 2073 1062 2121 pararet,
1097 2082 1170 2108 nec
1195 2073 1242 2108 ut
1265 2070 1348 2118 ejus
1373 2071 1483 2108 nobi-

157 2136 265 2174 litate
291 2133 497 2183 aliquando
531 2133 615 2181 ipse
647 2133 801 2170 laudem
827 2135 1005 2184 caperet,
1039 2134 1147 2170 tanta
1172 2144 1260 2170 eum
1286 2132 1484 2179 diligentia

158 2195 411 2234 erudiendum
437 2194 607 2245 curabat,
635 2195 675 2231 et
700 2205 792 2232 vero
819 2195 937 2232 etiam
962 2193 1135 2245 optabat,
1160 2196 1205 2231 ut
1229 2193 1434 2244 aliquando

353 2274 405 2286 -ι
428 2277 479 2285 -
504 2266 644 2305 praeeo
669 2266 823 2306 pawas,
851 2258 929 2305 aut,
957 2258 1000 2293 ut
1025 2255 1097 2293 fuit
1122 2256 1222 2306 ipse,
1248 2256 1402 2294 coactor

157 2319 355 2358 mercedes
391 2319 626 2367 sequeretur.
685 2317 787 2355 Hinc
821 2319 975 2367 praeter
1009 2328 1162 2354 omnem
1198 2316 1409 2355 doctrinam
1442 2315 1483 2353 id

159 2391 311 2429 semper
337 2391 524 2417 summum
549 2378 729 2428 putabat,
761 2380 805 2416 ut
829 2378 941 2416 bonis
967 2378 1175 2427 probisque
1208 2377 1378 2416 moribus
1412 2376 1481 2414 im-

159 2441 338 2480 bueretur
363 2441 475 2490 pueri
499 2440 660 2477 animus.
712 2440 772 2480 Ne
798 2440 915 2487 igitur
940 2439 1130 2478 illecebris
1157 2439 1314 2477 urbanis
1339 2437 1482 2477 rustica

160 2512 306 2542 morum
326 2502 550 2553 simplicitas
571 2503 892 2554 corrumperetur,
910 2512 987 2540 neu
1005 2501 1143 2541 insitos
1160 2500 1364 2552 probitatis
1382 2498 1478 2547 igni-
