1643 2959
727 250 1011 292 —174—

206 398 208 401 .
215 364 436 415 perpetrata
458 359 628 401 nondum
661 359 837 397 exsoluta
870 371 956 396 esse
991 359 1170 398 dicuntur
1194 362 1376 416 piaculis,
1411 364 1526 404 docu-

213 428 344 464 mento
371 426 446 473 est,
473 431 629 460 carmen
653 422 743 458 ante
769 420 831 458 od.
861 421 897 472 1,
924 421 959 458 2.
987 431 1059 459 nec
1084 422 1140 458 ita
1164 424 1284 461 multo
1307 427 1397 473 post
1421 426 1528 466 devi-

214 489 318 525 ctum
349 483 561 522 Antonium
593 483 661 519 aut
693 483 858 519 exeunte
893 493 926 520 a.
964 483 1048 520 724.
1085 485 1152 519 aut
1185 483 1298 520 initio
1331 488 1527 534 sequentis

214 547 399 594 scriptum
432 546 472 581 et
502 542 666 581 Pollioni
698 542 858 580 missum
893 554 989 580 esse.
1051 544 1172 582 Totus
1208 545 1334 595 color,
1368 547 1404 583 si
1435 547 1529 596 quid

213 607 358 656 sentio,
385 605 496 642 bellis
523 604 701 641 civilibus
724 604 767 641 id
791 604 997 641 admodum
1030 605 1289 654 propinquum
1322 617 1408 643 esse
1440 618 1528 655 pro-

211 668 290 705 bat.
317 688 369 696 --
400 667 570 703 Masson.
606 666 663 703 vit
694 665 787 703 Hor.
816 675 853 714 p.
881 666 1089 704 90-107.
1124 666 1180 703 nil
1206 666 1302 704 certi
1328 666 1377 703 de
1402 669 1530 707 aetate

211 728 310 765 odae
337 727 494 767 definire
520 727 701 776 conatur3
727 727 784 763 ita
810 727 928 764 etiam
960 726 1169 777 Vanderb.‚
1197 738 1428 776 quamquam
1453 729 1528 767 vol.

209 789 239 826 I.
258 800 295 837 p.
313 789 398 826 211.
419 799 504 825 eam
520 789 608 824 ante
623 797 790 835 pugnam
805 788 1002 825 Actiacam
1017 787 1133 825 scribi
1149 788 1321 836 potuisse
1333 790 1462 835 negat.
1480 810 1531 819 -

209 850 324 887 Jahn.
350 850 392 886 in
418 849 510 886 edit.
536 860 574 897 p.
594 848 678 885 228.
698 859 785 884 ann.
806 849 930 898 725„
960 848 1170 886 Weichert.
1191 849 1238 886 de
1255 849 1344 888 Var.
1368 851 1408 886 et
1422 850 1528 887 cass.

208 921 247 958 p.
277 909 508 947 152—154.
535 920 623 946 ann.
649 908 874 959 725-27„
901 910 1045 946 Grotef.
1073 920 1110 958 p.
1131 910 1215 947 470.
1243 909 1280 948 b.
1313 911 1353 947 et
1369 910 1526 949 Kirchn.

208 971 287 1007 tab.
317 970 395 1007 chr.
432 981 532 1006 anno
557 971 642 1007 727.
670 967 829 1022 (merito
862 969 1103 1016 improbante
1137 970 1309 1007 Obbario
1342 970 1384 1007 in
1417 971 1526 1008 Seeb.

208 1031 321 1067 Jahn.
350 1032 389 1065 et
413 1030 534 1066 Klotz.
562 1029 688 1065 annal.
713 1028 788 1064 vol.
818 1028 876 1064 16.
904 1030 993 1064 fasc.
1023 1029 1057 1065 1.
1083 1040 1123 1077 p.
1150 1026 1234 1081 50.)
1260 1040 1414 1067 carmen
1439 1042 1530 1068 exa·

209 1092 336 1127 ratum
360 1100 446 1126 esse
473 1088 778 1136 conjeceruntct.
805 1087 912 1126 Pass.
938 1090 1018 1127 not.
1048 1089 1131 1127 136.

303 1213 392 1250 Duo
427 1213 536 1262 sunt,
572 1221 670 1260 quae
705 1210 988 1248 calumnis
1020 1210 1083 1247 11.
1125 1213 1306 1261 „Nullus
1338 1214 1530 1262 amento„
1600 1235 1605 1241 ·

205 1274 374 1311 aetatem
399 1272 666 1310 determinant.
716 1272 886 1310 Primum
919 1274 1008 1309 ante
1042 1283 1077 1308 a.
1111 1272 1197 1310 732.
1232 1273 1415 1321 scriptum
1443 1285 1528 1312 esse

206 1334 343 1383 debet,
370 1344 446 1382 quo
472 1333 612 1370 Fannii
631 1333 836 1381 Caepionis
863 1335 902 1370 et
919 1332 1060 1370 Licinii
1079 1331 1288 1370 Muraenae
1313 1333 1529 1379 conjuratio

205 1397 340 1432 contra
365 1395 583 1440 Augustum
607 1395 709 1430 facta
736 1393 888 1431 detecta
912 1395 973 1429 est
1007 1388 1064 1445 (v.
1092 1403 1178 1440 pag.
1205 1389 1312 1446 62),
1346 1394 1528 1442 quoniam

202 1454 449 1505 Proculeius,
476 1455 685 1491 Muraenae
710 1456 851 1504 frater,
878 1454 1021 1500 insigni
1046 1454 1159 1491 laude
1184 1457 1391 1504 propterea
1415 1467 1527 1493 orna-

203 1519 268 1553 tur
290 1528 328 1553 v.
356 1517 380 1553 5
406 1527 486 1565 sq.,
513 1515 617 1563 quod
642 1515 708 1563 pio
735 1517 774 1551 et
798 1515 949 1552 liberali
976 1515 1103 1552 animo
1137 1527 1224 1552 cum
1253 1514 1454 1563 fratribus
1478 1517 1526 1554 de

201 1578 354 1624 integro
380 1577 654 1625 patrimonium
680 1588 791 1614 suum
817 1576 1014 1626 diviserit,
1042 1587 1128 1614 cum
1151 1577 1208 1613 illi
1224 1576 1334 1614 bellis
1349 1578 1527 1616 civilibus

203 1638 306 1674 bona
331 1638 563 1674 amisissent.
615 1637 768 1675 Deinde
802 1647 957 1675 carmen
990 1639 1079 1673 ante
1112 1648 1147 1673 a.
1175 1637 1259 1673 730.
1285 1640 1412 1676 ortum
1439 1650 1526 1676 esse

202 1699 359 1749 nequit⁷
388 1699 491 1747 quod
514 1698 691 1735 Phraatis
718 1699 759 1735 in
776 1709 936 1744 regnum
951 1698 1179 1735 Parthorum
1194 1698 1363 1736 restituti
1380 1699 1526 1736 mentio

202 1761 245 1797 fit
269 1771 305 1796 v.
335 1760 379 1796 17
405 1771 461 1807 sq.
490 1755 558 1811 (cf.
586 1758 636 1796 ad
654 1758 717 1796 od.
746 1759 782 1809 l,
809 1759 869 1796 26,
889 1761 929 1795 et
946 1760 982 1809 3,
1009 1754 1080 1811 8.).
1107 1759 1210 1805 Ergo
1227 1770 1298 1807 per
1322 1771 1410 1797 ann.
1437 1760 1523 1797 730.

203 1822 243 1857 et
277 1820 363 1858 731.
401 1822 600 1856 exaratum
634 1820 685 1856 sit
717 1831 876 1857 necesse
910 1821 981 1857 est.
1040 1819 1161 1868 Atqui
1193 1831 1276 1857 rem
1308 1820 1525 1858 Parthicam

200 1881 313 1918 facile
346 1882 509 1929 apparet
539 1891 681 1918 recens
708 1878 865 1928 factam
897 1880 1196 1918 commemorari.
1246 1881 1348 1919 Hinc
1374 1892 1524 1918 summo

195 1942 283 1987 jure
309 1943 484 1990 plerique
517 1953 650 1979 omnes
678 1939 867 1995 (Sanad.‚
901 1941 1116 1991 Vanderb.‚
1150 1941 1259 1991 Jani,
1294 1941 1520 1992 Mitscherl„

199 2005 331 2053 Doer.‚
358 2004 471 2040 Jahn.
490 2015 528 2052 p.
546 2004 646 2053 228„
673 2005 778 2042 Pass.
807 2007 885 2040 not.
905 2005 1005 2054 249„
1025 2004 1171 2041 Grotef.
1190 2014 1228 2051 p.
1245 2003 1346 2052 472.,
1364 2002 1518 2041 Kirchn.

200 2064 278 2100 tab.
308 2060 418 2116 chr.)
446 2065 560 2101 odam
586 2076 695 2103 anno
732 2066 835 2102 730.
870 2067 1010 2103 factam
1043 2076 1129 2101 csse
1165 2066 1394 2101 statuerunt.
1444 2062 1520 2100 Sed

199 2125 400 2162 Heindorf.
434 2125 484 2162 ad
519 2127 595 2162 Sat.
633 2128 676 2176 1,
711 2127 746 2164 2.
783 2126 841 2164 48.
877 2138 913 2174 p.
943 2127 1002 2162 41.
1032 2125 1079 2162 de
1106 2125 1320 2172 posteriore
1345 2126 1519 2171 tempore

200 2187 405 2237 cogitavit3
431 2186 601 2223 Masson.
628 2187 697 2223 vit.
725 2199 762 2236 p.
791 2188 875 2225 303.
905 2188 964 2224 vel
991 2187 1038 2223 de
1066 2198 1100 2222 a.
1129 2185 1211 2221 734.

298 2307 386 2345 Non
411 2310 514 2345 certo
567 2308 722 2356 quidem
765 2310 938 2358 constat,
977 2307 1131 2355 quando
1171 2305 1411 2342 muman
1434 2305 1519 2343 111.

200 2368 410 2417 „Aequam
446 2372 668 2408 memento„
706 2370 959 2418 compositum
998 2370 1068 2418 sit,
1113 2368 1183 2405 sed
1221 2368 1321 2405 bello
1358 2368 1517 2404 Actiaco

199 2431 319 2466 multo
345 2430 385 2466 id
411 2432 602 2478 posterius
630 2443 729 2481 esse,
757 2443 842 2468 cum
869 2442 918 2467 ex
935 2432 1158 2477 argumento
1185 2432 1265 2465 tum
1291 2439 1341 2467 ex
1365 2439 1517 2476 compo-

201 2491 353 2528 sitionis
379 2493 460 2528 arte
477 2491 526 2527 ab
543 2493 757 2529 elocutione
784 2496 823 2529 et
841 2503 1019 2529 versuum
1038 2493 1228 2527 structura
1245 2489 1387 2536 insigni
1411 2490 1518 2526 recte

201 2553 367 2598 colligas.
421 2552 609 2600 Scriptum
642 2553 795 2590 videtur
827 2553 876 2589 ad
903 2553 947 2595 Q.
983 2555 1180 2600 Bellium,
1213 2551 1405 2589 hominem
1438 2552 1515 2588 tam

201 2613 348 2649 varium
382 2615 422 2650 et
454 2614 755 2663 inconstantem,
790 2616 833 2650 ut
866 2613 1033 2651 Messala
1068 2624 1156 2650 eum
1182 2613 1396 2663 „bellorum
1422 2610 1514 2648 civi-
