1679 2948
667 159 948 202 -83-

135 280 222 308 rum
246 268 458 307 Weichert.
485 269 528 306 in
553 271 657 318 poet.
684 271 753 309 rel.
782 282 819 320 p.
848 271 922 309 454
949 282 1006 320 sq.
1035 273 1075 308 et
1101 271 1149 309 de
1176 273 1266 311 Var.
1303 275 1342 311 et
1358 275 1477 314 Cass.

134 343 172 381 p.
201 332 380 369 40-49,
407 331 499 370 libri
526 332 668 381 prioris
696 344 895 371 sermones
923 333 997 371 hoc
1031 332 1168 370 ordine
1196 334 1362 384 scriptos
1389 346 1476 373 esse

134 394 292 431 statuit:
328 394 363 431 7.
392 393 428 431 2.
457 394 492 430 4.
521 395 556 431 3.
585 394 621 432 5.
651 395 685 431 1.
714 395 749 431 9.
779 394 814 432 8.
843 395 878 433 6.
909 395 993 445 10.;
1028 395 1185 433 Passov.
1221 397 1264 433 in
1297 397 1366 434 vit.
1393 400 1475 435 not.

134 455 219 492 166.
248 456 342 494 hoe:
370 456 406 493 7.
433 456 469 492 2.
499 455 534 493 8.
563 456 598 493 4.
629 456 688 507 1.;
722 456 881 494 Kirchn.
909 457 952 494 in
977 457 1056 496 tab.
1086 457 1217 495 chron.
1245 458 1339 497 hoc:
1375 459 1411 497 7.
1438 460 1474 498 2.

131 517 166 554 3.
195 517 230 554 5.
258 518 294 555 6.
324 518 358 556 1.
386 518 422 556 9.
450 517 486 555 8.
515 518 550 555 4.
581 519 640 556 10.
692 517 906 556 Videamus
932 519 1022 568 ipsi.

233 629 490 667 SATIRA
523 630 562 668 1.
614 631 836 669 Maecenati
871 632 1000 669 dicata
1034 631 1214 670 absoluto
1250 632 1405 671 demum
1429 634 1476 671 li-

129 691 201 729 bro
229 693 376 740 scripta
400 692 558 729 videtur
585 703 684 729 esse.
738 695 892 730 Desunt
920 696 1027 731 certa
1054 695 1193 730 aetatis
1221 694 1377 732 indicia.
1403 696 1476 733 At-

128 756 259 790 tamen
286 756 328 790 ut
354 756 444 802 post
470 765 504 791 a.
534 753 636 803 716„
664 765 713 790 ex
741 765 818 802 quo
846 755 887 791 in
904 755 1146 792 Maecenatis
1172 756 1476 796 familiaritatem

128 816 236 851 venit
269 816 476 864 Horatius,
519 818 605 852 orta
638 817 819 866 putetur,
864 827 928 853 res
963 816 1049 864 ipsa
1084 817 1267 864 postulat.
1321 818 1475 855 Deinde

127 876 337 914 admodum
391 877 606 925 probabilis
664 879 724 913 est
778 877 880 914 ratio
947 878 1153 915 Rirclmeri
1213 878 1386 925 eclogam
1438 890 1472 917 a.

125 937 211 976 719.
241 939 427 989 scriptam
462 950 549 976 esse
586 939 854 990 conjicientis,
890 940 983 988 quia
1017 951 1074 977 vs.
1113 940 1198 978 114.
1235 943 1275 977 et
1304 941 1387 978 115.
1425 953 1475 979 ex

123 1001 260 1047 virgil,
288 1003 429 1049 Georg.
458 1001 524 1039 lib.
552 1001 582 1038 Ι.
611 1001 673 1038 fin.
704 1002 882 1050 expressi
909 1002 999 1039 sint.
1040 1002 1226 1040 Horatius
1255 1002 1359 1039 enim
1386 1014 1473 1040 cum

125 1061 248 1099 dicat:

327 1125 392 1176 Ut,
420 1136 508 1162 cum
537 1124 758 1162 carceribus
786 1125 926 1162 missos
953 1125 1057 1174 rapit
1084 1126 1228 1173 ungula
1255 1137 1405 1176 currus,

322 1186 448 1224 Instat
475 1187 586 1235 cquis
614 1188 749 1234 auriga
777 1198 868 1224 suos
895 1187 1157 1238 vincentibus,
1185 1187 1295 1223 illum

322 1248 582 1286 Praeteritum
609 1251 788 1286 temnens
815 1252 1012 1286 extremos
1040 1249 1143 1286 inter
1171 1251 1339 1286 euntem.

121 1312 161 1346 et
187 1310 345 1358 Virgil.:

321 1372 387 1422 L't,
416 1384 503 1409 eum
531 1372 753 1410 carceribus
781 1383 867 1409 sese
896 1371 1068 1408 effudere
1097 1371 1325 1425 quadrigae,

320 1434 484 1471 Addunt
511 1434 552 1470 in
579 1435 706 1482 spatia
734 1437 773 1471 et
800 1435 943 1471 frustra
968 1434 1184 1471 retinacula
1211 1435 1377 1473 tendens

320 1496 463 1533 Fertur
490 1497 601 1543 cquis
629 1496 784 1545 auriga,
820 1507 948 1544 neque
982 1496 1092 1532 audit
1118 1507 1253 1533 currus
1280 1497 1469 1548 habenas,

119 1558 206 1608 quis
234 1561 274 1594 ct
300 1559 422 1594 totam
449 1557 660 1603 imaginem
696 1560 735 1593 et
762 1558 972 1604 permiram
1004 1557 1212 1594 verborum
1247 1558 1468 1596 similitudi-

122 1631 212 1657 nem
248 1619 426 1657 alterutri
453 1619 613 1656 fortuito
654 1619 861 1656 obvenisse
899 1615 1031 1655 dicat!
1094 1620 1177 1657 Nec
1214 1618 1368 1657 difficile
1409 1620 1467 1659 in-

121 1682 280 1719 tellectu
330 1683 411 1731 est,
454 1683 543 1718 uter
587 1681 770 1729 imaginis
821 1684 957 1718 auctor
999 1681 1128 1717 suerit.
1196 1681 1297 1719 Nam
1339 1682 1467 1729 Virgi-

118 1744 216 1794 lius,
257 1744 325 1793 qui
367 1745 458 1792 post
496 1743 651 1790 longam
690 1743 737 1780 (lc
777 1743 890 1780 bellis
932 1743 1112 1780 civilibus
1147 1746 1264 1791 atque
1292 1744 1465 1781 externis

119 1806 460 1855 conquestionem,
488 1807 531 1842 ut
559 1817 646 1842 cum
677 1805 918 1849 Quintiliano
946 1805 1068 1841 instit.
1097 1807 1194 1841 orat.
1221 1803 1260 1854 8,
1280 1804 1315 1841 3.
1344 1802 1381 1855 ξ.
1402 1805 1462 1842 78.

117 1868 275 1918 loquar,
318 1867 422 1905 bella
459 1869 543 1903 toto
582 1867 676 1904 orbo
717 1867 888 1904 excitata
921 1866 989 1902 vix
1022 1877 1139 1913 posse
1175 1866 1331 1914 sepeliri
1375 1867 1465 1904 viva

118 1930 286 1977 imagine
323 1929 608 1975 significaturus
642 1931 746 1979 erat,
782 1928 824 1965 in
858 1927 1101 1978 aptissimam
1135 1928 1464 1976 comparationem

118 1992 364 2041 desumptam
398 2003 422 2027 a
456 2002 571 2028 curru
604 2002 625 2027 e
661 1990 881 2028 carceribus
917 1990 1059 2027 emisso
1093 1991 1280 2038 tantoque
1313 1990 1464 2040 impetu

116 2056 268 2104 ruente,
295 2057 339 2090 ut
365 2052 414 2090 ab
441 2053 577 2100 auriga
602 2053 765 2090 retineri
790 2054 981 2102 nequeat,
1010 2051 1130 2089 multo
1156 2052 1307 2090 facilius
1334 2053 1464 2102 potuit

115 2116 312 2166 incidere,
340 2126 455 2164 quam
481 2115 687 2165 Horatius,
725 2115 792 2163 qni
818 2114 982 2152 eandem
1008 2114 1218 2161 imaginem
1243 2114 1300 2151 ita
1324 2114 1463 2152 immu-

119 2181 261 2228 tatam,
302 2180 346 2214 ut
384 2177 559 2224 aurigam
593 2177 763 2214 inludis
804 2176 1042 2214 circensibus
1083 2177 1202 2213 etiam
1239 2177 1459 2225 praevectis

118 2241 230 2290 equis
257 2240 384 2277 calcar
409 2239 554 2276 addere
582 2239 751 2289 diceret,
786 2239 829 2275 in
854 2239 1054 2276 hominum
1080 2248 1242 2287 pravam
1268 2238 1459 2288 eupidita-

117 2305 198 2340 tem
223 2303 371 2350 majora
404 2313 558 2350 semper
585 2301 852 2350 appetentium
885 2301 1094 2338 transtulit.
1147 2300 1247 2339 Nam
1282 2301 1459 2350 quamvis

117 2364 270 2403 Horatii
295 2364 506 2412 imaginem
530 2363 589 2400 rei
615 2364 858 2412 aptissimam
884 2363 1051 2400 dixeris:
1078 2364 1210 2400 tamen
1233 2363 1350 2412 paulo
1374 2363 1458 2400 lon-

121 2426 205 2473 gius
229 2427 400 2476 repetita
427 2428 508 2476 est,
536 2436 652 2474 quam
678 2427 722 2461 ut
747 2425 934 2462 Horatius
960 2424 1122 2477 Virgilio
1156 2424 1372 2474 praeivisse
1398 2424 1457 2461 vi-

123 2486 207 2525 deri
230 2489 375 2540 possit,
409 2499 489 2525 non
515 2488 700 2535 Virgilius
734 2487 908 2524 Horatio.
961 2487 1061 2525 Tum
1095 2487 1206 2535 epica
1239 2487 1305 2524 illa
1339 2484 1457 2523 subli-

121 2549 236 2591 mitas
262 2554 302 2589 et
326 2561 575 2590 numerorum
601 2549 854 2602 compositio,
889 2559 989 2600 quae
1023 2547 1064 2586 in
1089 2548 1243 2587 Horatii
1277 2546 1456 2586 versibus

1128 2609 1152 2645 6
1165 2608 1189 2632 ἡ
