1689 2881
639 129 918 172 *93-

710 242 864 280 Beatus
889 241 1079 279 Fannius
1103 242 1209 279 ultro

310 306 466 343 Delatis
492 305 627 352 capsis
653 308 692 342 et
714 304 913 353 imaqz'ne,
939 313 1027 340 cum
1052 313 1139 339 mea
1163 312 1278 339 nemo

310 367 462 415 Scripta
486 366 590 412 legat
617 366 731 411 vulgo
757 365 922 401 recitare
949 365 1122 401 timentis
1149 364 1198 401 ob
1225 364 1325 400 hanc
1347 374 1443 414 rem,

310 428 424 472 Quod
452 430 563 477 sunt,
597 438 693 475 quos
720 437 842 472 genus
869 426 943 464 hoc
968 426 1127 463 minime
1148 425 1281 476 juvat,
1309 427 1446 474 utpote

644 489 776 538 plures

311 552 469 601 Culpari
496 551 644 599 dignos.

108 616 209 653 Nam
236 625 322 652 cum
349 625 399 650 ex
426 614 504 663 eis,
542 624 641 662 quae
676 613 724 650 de
760 614 833 650 hoc
867 612 1032 650 Fannio
1059 608 1327 665 (Quadrato),
1356 612 1449 649 sati-

109 687 239 713 rarum
274 675 462 722 scriptore
499 676 538 710 et
582 675 744 723 „inepto
780 674 1037 720 Hermogenis
1072 674 1226 719 Tigellii
1262 673 1450 710 conviva'‘

108 734 210 788 (Sat.
241 737 276 786 l,
307 737 364 772 10.
393 735 497 785 80.)‚
533 735 1030 782 memoriaeprodiderunt
1057 735 1317 784 Scholiastae,
1355 735 1450 771 satis

108 801 317 847 appareat,
352 796 492 834 Fannii
529 797 673 844 scripta
709 799 748 832 et
782 797 993 842 imaginem
1028 796 1187 832 honoris
1230 807 1368 832 caussa
1410 796 1451 832 in

108 860 383 897 bibliothecam
411 858 579 905 aliquam
607 858 734 894 delata
761 858 893 906 ibique
922 857 1101 905 deposita
1128 869 1235 894 esse:
1262 857 1347 894 veri
1373 868 1452 894 non

108 924 168 958 est
194 921 371 958 absimile
398 920 690 966 intelligendam
709 931 795 956 esse
818 919 1095 956 bibliothecam
1113 919 1241 955 Asinii
1266 919 1452 956 Pollionis

108 994 196 1020 ann.
226 982 452 1019 715-716.
481 981 678 1018 conditam
706 977 763 1033 (v.
795 981 1026 1018 Thorbecke
1045 992 1081 1028 p.
1102 981 1149 1016 35
1177 978 1280 1033 sq.),
1310 992 1452 1031 „prae-

109 1045 243 1082 sertim
270 1055 356 1081 cum
382 1044 487 1080 idem
513 1043 635 1080 Pollio
661 1042 938 1080 bibliothecam
960 1043 1108 1090 primus
1127 1045 1329 1079 auctorum
1356 1043 1452 1079 ima-

108 1107 262 1153 ginibus
291 1106 509 1154 ornaverit,
547 1105 615 1152 qui
649 1116 732 1141 mos
768 1105 817 1141 ab
853 1116 900 1141 eo
927 1104 1018 1140 inde
1046 1107 1221 1152 tempore
1248 1104 1453 1154 invaluit,”

107 1171 151 1204 ut
178 1168 232 1204 ait
257 1167 477 1204 Therbeck.
506 1177 543 1213 p.
573 1166 632 1202 41.
661 1167 831 1214 Tempus
859 1169 963 1203 certe
991 1177 1041 1202 ex
1059 1177 1146 1202 mea
1165 1165 1454 1214 computatione

108 1229 176 1266 isti
205 1229 421 1265 sententiae
450 1228 642 1264 convenit.
696 1229 778 1265 Nec
810 1230 893 1264 erat
921 1239 1014 1264 sane
1041 1227 1147 1275 quod
1172 1227 1384 1264 VVeichert.
1412 1238 1451 1275 p.

107 1291 176 1328 rel.
219 1302 255 1338 p.
297 1290 382 1327 293.
437 1301 506 1326 sua
553 1290 704 1326 ratione
752 1290 869 1326 nixus
914 1300 1002 1339 eos,
1061 1290 1128 1337 qui
1176 1288 1224 1325 de
1264 1289 1452 1326 Pollionis

109 1352 348 1389 bibliotheca
375 1352 611 1400 cogitarent,
640 1352 835 1387 manifesti
863 1352 1004 1387 erroris
1032 1351 1134 1387 facili
1160 1351 1319 1397 negotio
1346 1362 1454 1388 coar-

109 1415 174 1461 gui
201 1425 316 1462 posse
345 1413 512 1462 diceret,
543 1413 690 1449 scilicet
716 1413 820 1460 quod
848 1413 965 1448 satira
985 1413 1019 1448 4.
1039 1413 1147 1460 prius
1175 1413 1322 1460 scripta
1349 1414 1454 1448 esset

110 1486 225 1523 quam
276 1475 401 1522 prima
443 1474 598 1521 publica
640 1474 878 1510 bibliotheca
921 1474 1165 1511 conderetur.
1231 1475 1314 1520 Ego
1358 1485 1453 1510 vero

110 1536 274 1573 eandem
294 1535 451 1572 condita
472 1535 555 1580 jam
576 1534 813 1571 bibliotheca
840 1537 1054 1571 confectam
1083 1547 1169 1571 esse
1197 1535 1452 1582 persuasissi-

111 1609 217 1635 mum
244 1598 383 1634 habeo.
444 1596 706 1633 Nihilominus
742 1597 884 1634 Fannii
919 1608 1056 1644 capsas
1092 1599 1132 1632 et
1166 1597 1376 1644 imaginem
1411 1597 1453 1634 in

111 1671 158 1697 ea
193 1660 399 1696 collocatas
443 1659 564 1694 fuisse
598 1669 710 1704 nego.
772 1659 873 1696 Nam
907 1659 1076 1706 primum
1119 1659 1349 1695 incredibile
1374 1652 1452 1695 'est

110 1721 285 1769 ineptum
319 1721 437 1757 istum
471 1721 628 1768 poetam
666 1720 777 1757 brevi
818 1723 908 1768 post
944 1720 1140 1756 conditam
1175 1720 1453 1756 bibliothecam

110 1782 256 1829 insigni
295 1782 361 1818 illo
402 1784 442 1817 et
477 1782 653 1818 inaudito
693 1782 838 1818 honore
866 1783 1033 1817 fructum
1069 1793 1176 1830 esse,
1218 1781 1452 1829 praesertim

112 1855 199 1880 cum
232 1845 286 1881 M.
322 1844 495 1880 Terentii
533 1843 730 1880 Varronis
763 1845 844 1879 vivi
879 1843 1007 1888 imago
1043 1843 1216 1878 omnium
1249 1843 1376 1890 prima
1410 1843 1453 1880 in

110 1915 212 1942 nova
222 1904 459 1941 bibliotheca
477 1904 610 1951 posita
628 1904 678 1940 sit
690 1900 808 1957 (Plin.
825 1904 862 1940 h.
878 1915 916 1940 n.
932 1904 969 1953 7,
986 1902 1083 1956 31.).
1100 1903 1255 1941 Deinde
1273 1904 1359 1952 ipsa
1370 1905 1452 1941 Ho-

110 1967 201 2003 ratii
221 1966 340 2003 verba
358 1968 436 2002 tam
452 1966 618 2003 obscura
637 1968 739 2015 sunt,
768 1967 811 2000 ut
823 1965 911 2011 jure
936 1965 1104 2014 dubites,
1132 1975 1226 2001 num
1245 1965 1293 2001 de
1311 1966 1452 2003 biblio-

111 2028 225 2064 theca
242 2028 371 2075 aliqua
389 2028 637 2074 cogitandum
656 2028 707 2063 sit
724 2026 892 2063 omnino.
946 2028 1028 2065 Nec
1047 2026 1274 2063 Scholiastis
1309 2039 1373 2064 res
1400 2027 1452 2065 ad

110 2088 302 2136 liquidum
337 2090 538 2137 explorata
578 2090 662 2126 suit.
728 2090 898 2126 Narrant
930 2089 1033 2125 enim
1066 2100 1196 2126 secum
1224 2090 1450 2136 pugnantia.

113 2151 238 2187 Schol.
255 2151 396 2199 Cruq..·
423 2151 624 2201 „Fannius
644 2151 865 2194 Quadratus
880 2152 997 2198 poeta
1010 2151 1304 2198 loquacissimus
1315 2151 1452 2190 etinc-

113 2212 314 2260 ptissimus
341 2213 435 2263 fuit,
464 2213 526 2250 cui
554 2214 719 2250 Senatus
740 2212 924 2249 audiendi
942 2211 1099 2248 fastidio
1117 2213 1218 2249 ultro
1246 2224 1383 2260 capsas
1411 2214 1452 2249 et

114 2273 322 2320 imaginem
348 2274 511 2324 obtulit,
546 2277 591 2311 ut
623 2275 744 2312 libros
781 2286 870 2311 suos
905 2274 1078 2310 mitteret
1108 2276 1148 2310 et
1173 2274 1215 2310 in
1241 2274 1450 2311 auctorita-

115 2336 193 2371 tem
217 2337 459 2384 reciperetur
485 2337 670 2384 tanquam
696 2337 866 2384 optimus
893 2338 1028 2384 poeta:
1055 2335 1162 2372 velut
1180 2336 1246 2372 alii
1261 2337 1450 2385 referunt,

115 2394 300 2448 Fannius,
327 2400 444 2447 poeta
461 2398 599 2448 malus,
628 2409 715 2435 cum
741 2398 884 2435 liberos
909 2408 988 2434 non
1006 2397 1190 2448 haberet,
1218 2396 1449 2445 haeredipe-

117 2457 180 2491 tae
214 2457 297 2495 sine
333 2459 416 2505 ejus
451 2470 543 2497 cura
578 2461 618 2496 et
651 2459 779 2496 studio
820 2459 940 2496 libros
976 2459 1057 2506 ejus
1093 2461 1133 2496 et
1165 2458 1372 2504 imaginem
1404 2457 1448 2494 in

116 2516 290 2566 publicas
322 2519 580 2560 bibliothecas
613 2522 856 2571 referebant,
892 2521 999 2560 nullo
1033 2523 1163 2559 tamen
1187 2519 1326 2558 merito
1353 2519 1446 2557 scri-
