1643 2959
672 189 959 233 -133-

150 299 235 336 721.
263 300 304 336 et
329 299 413 336 722.
450 298 658 348 conjugiali
682 301 838 339 vinculo
862 299 1032 350 copulati
1067 299 1146 339 sint
1171 300 1237 349 (cf.
1265 300 1379 350 epod.
1407 302 1481 354 3.),

149 372 306 399 carmen
344 361 444 398 ultra
486 372 521 399 a.
566 362 650 400 725.
689 363 856 411 proferri
892 363 1040 411 nequit.
1109 362 1211 401 Nam
1248 362 1482 412 simulatque

148 422 385 460 Octavianus
418 421 581 460 Romam
613 424 751 475 rediit,
790 427 903 462 vetus
942 424 1007 462 ille
1045 424 1278 463 Terentillae
1317 427 1480 475 amator,

148 484 236 532 quis
269 484 508 524 Maecenatis
543 496 704 523 uxorem
738 486 857 523 etiam
891 489 974 523 tum
1004 485 1120 523 fidam
1153 486 1343 525 mansisse
1369 487 1480 536 polli-

145 543 307 583 ceatur?
357 548 494 596 Neque
519 558 614 584 vero
639 547 865 585 Weicherto
891 547 1104 599 assentior,
1131 548 1199 596 qui
1222 548 1247 586 l.
1270 548 1300 586 ⁴1.
1327 560 1366 597 p.
1393 548 1478 586 473.

144 607 275 645 omnia
293 607 377 654 jam
400 609 589 656 gliscente
617 608 811 646 discordia
833 609 884 647 ab
901 609 1066 647 Horatio
1092 620 1138 647 eo
1158 609 1320 648 consilio
1336 610 1481 659 scripta

144 680 232 705 esse
259 672 446 719 autumat,
474 672 518 707 ut
544 670 667 706 amori
692 670 932 708 Maecenatis
958 672 1130 708 fomenta
1155 671 1317 708 adderet
1343 673 1383 708 et
1408 682 1479 710 mi-

144 730 349 780 trimenta,
393 742 560 779 eumque
597 742 700 767 novo
738 731 860 768 veluti
899 732 990 777 igne
1030 731 1204 778 subjecto
1243 732 1479 770 incenderet.

139 790 369 837 cujusmodi
401 792 586 829 callidum
631 791 835 828 artificium
883 792 1046 828 carmini
1089 804 1169 830 non
1213 793 1338 840 magis
1376 793 1481 830 inest

136 862 258 900 quam
284 851 448 889 subdola
473 852 668 890 simulatio
694 853 757 889 vel
783 852 917 900 inepta
940 853 1149 891 Terentiae
1175 855 1272 891 laus.
1289 877 1340 883 ——
1356 854 1478 892 Deni-

134 924 215 962 que
241 913 374 951 nescio
400 924 452 950 an
477 924 548 962 pro
575 913 713 950 eodem
739 916 928 963 tempore,
957 913 1060 961 quod
1085 913 1183 950 odae
1199 915 1334 964 tribui,
1362 915 1479 953 faciat

136 975 260 1013 etiam
285 986 321 1012 v.
350 976 434 1025 29.,
470 975 513 1013 in
547 986 623 1023 quo
655 977 881 1026 „plenae
917 974 1146 1013 Arabum
1173 975 1342 1015 domis<
1369 987 1477 1014 com-

133 1039 424 1086 memorantur,
473 1037 657 1074 nimirum
698 1038 915 1085 antequam
955 1038 998 1074 in
1041 1037 1228 1075 Arabiam
1278 1037 1477 1085 expeditio

137 1100 320 1146 suscepta
346 1100 462 1136 esset.
514 1099 623 1137 Haec
649 1098 779 1135 omnia
805 1109 866 1134 me
892 1101 1141 1148 permovent,
1176 1101 1220 1136 ut
1255 1109 1411 1137 carmen
1435 1099 1477 1137 in

132 1171 172 1197 a.
199 1160 285 1197 725.
314 1159 463 1195 exitum
487 1158 660 1196 incidere
687 1159 864 1209 credam3
896 1160 1128 1207 praesertim
1154 1171 1242 1196 cum
1266 1160 1475 1197 Maecenas

133 1223 293 1270 poetam
317 1231 399 1258 non
436 1221 514 1258 ullo
553 1223 728 1269 tempore
760 1221 937 1268 potuerit
970 1221 1099 1269 aptius
1134 1221 1185 1258 ad
1219 1221 1475 1259 Octavianum

136 1281 412 1320 celebrandum
445 1288 679 1332 provocare,
716 1293 832 1331 quam
866 1284 979 1323 brevi
1009 1287 1100 1330 post
1129 1283 1356 1330 yloriosum
1382 1281 1474 1329 ejus

132 1346 317 1382 reditum.
370 1343 499 1391 Atque
526 1344 583 1379 ita
609 1345 830 1380 statuerunt
855 1346 945 1392 post
970 1344 1179 1381 Dacerium
1205 1344 1375 1380 Masson.
1403 1343 1471 1381 vit.

133 1417 171 1454 p.
201 1406 285 1444 183.
323 1407 362 1442 et
395 1405 606 1441 Weichert.
643 1417 680 1453 p.
716 1406 786 1442 rel.
827 1417 866 1453 p.
903 1405 988 1442 462.
1029 1408 1110 1442 not.
1151 1406 1210 1443 45.
1237 1426 1289 1433 —
1312 1404 1471 1442 Kirchn.

129 1467 210 1506 tab.
239 1467 341 1505 ehu:
368 1466 454 1502 726.
480 1487 533 1494 —
560 1467 707 1503 Grotef.
735 1478 772 1514 p.
802 1467 907 1504 471.:
935 1477 968 1503 a.
993 1466 1079 1504 727.

227 1528 479 1567 cAmva
503 1527 607 1562 XV·
649 1529 781 1577 „Jam
809 1539 950 1576 pauca
978 1525 1162 1566 ,aracro“
1188 1538 1222 1565 a.
1257 1528 1341 1566 726.
1377 1528 1470 1565 scri-

128 1593 262 1640 ptum,
290 1589 428 1627 eodem
454 1600 530 1637 quo
556 1599 674 1625 carm.
697 1589 734 1638 3,
760 1589 796 1625 6.
824 1589 914 1626 huic
941 1589 989 1626 ab
1017 1592 1245 1636 argumento
1268 1588 1469 1637 *persimile

125 1655 258 1692 ‚ortum
291 1651 492 1700 probabile
530 1652 604 1687 est.
654 1650 755 1688 Nam
793 1650 883 1687 vide
922 1651 1018 1687 mihi
1058 1651 1226 1688 exitum!
1277 1650 1469 1697 Majorum

128 1714 197 1752 ubi
221 1713 396 1751 laudavit
420 1723 569 1762 mores,
604 1712 865 1759 frugalitatem
891 1722 1122 1760 omnemque
1148 1712 1252 1749 vitae
1279 1711 1468 1761 habitum,

125 1777 229 1826 ,Nec
251 1773 509 1823 fortuitum’,
533 1774 682 1824 inquit,

321 1836 438 1887 „Neo
458 1833 673 1882 fortuitum
696 1846 888 1883 spernere
912 1835 1098 1882 cespitem

328 1898 458 1946 Leyes
478 1897 688 1946 sinebant,
715 1899 865 1944 oppida
885 1897 1048 1944 publico

393 1960 566 2006 Sumpta
582 1957 777 2005 jubentes
801 1962 840 1996 et
863 1959 1048 1996 Deorum

446 2021 612 2067 Templa
635 2031 741 2058 novo
768 2022 962 2059 decorare
986 2018 1135 2056 samo.»

123 2083 248 2122 Estne
260 2082 424 2120 tandem
441 2080 626 2119 credibile
650 2078 817 2127 fortuito
843 2081 892 2118 ab
906 2081 1070 2119 Horatio
1088 2080 1186 2123 haec
1203 2075 1461 2128 potissimum,

121 2156 227 2194 quae
252 2146 430 2181 veterum
454 2154 592 2180 norma
617 2143 934 2193 praescripserit,
962 2144 1066 2179 tacta
1093 2138 1208 2179 esse?
1248 2140 1371 2178 Immo
1395 2139 1464 2177 vix

126 2206 282 2244 dubites
308 2206 404 2253 quin
428 2205 606 2251 Augusto
639 2204 807 2240 voluerit
840 2206 942 2242 tecte
968 2204 1159 2252 blandiri,
1191 2202 1259 2251 qui
1283 2206 1462 2240 veterum

124 2270 260 2317 leyum
292 2272 423 2305 lenam
457 2277 491 2303 a.
527 2266 613 2302 726.
649 2276 852 2302 censuram
886 2276 1005 2312 agens
1041 2264 1159 2301 aedes
1195 2275 1323 2301 sacras
1349 2264 1461 2299 vetu-

120 2331 225 2368 state
255 2328 450 2376 ,canpsas
484 2329 553 2364 aut
585 2327 766 2364 incendio
801 2327 1026 2375 absumptas
1057 2325 1215 2375 refecit,
1250 2334 1393 2372 easque
1421 2323 1461 2358 et

122 2392 300 2432 meteras
326 2388 632 2438 opulentissimis
659 2387 770 2424 donis
797 2388 1021 2438 adornavit,
1048 2388 1240 2424 referente
1275 2383 1459 2423 Suetonio

128 2451 262 2490 Octav.
294 2453 355 2490 30.
389 2451 452 2488 fin.
486 2450 534 2487 cf.
558 2449 636 2488 Dio
662 2450 733 2500 53,
770 2450 803 2487 1.
837 2450 873 2487 2.
931 2447 1065 2496 Vellej.
1095 2448 1141 2499 2,
1175 2448 1236 2486 89.
1261 2467 1312 2476 —-
1336 2445 1456 2483 Recte

123 2513 244 2559 igitur
266 2512 431 2553 eandem
455 2522 573 2561 quam
597 2522 724 2549 meam
748 2511 824 2549 feci
849 2511 1041 2556 rationem
1065 2511 1236 2549 inierunt
1257 2506 1456 2547 Kirchner.

127 2574 169 2611 in
194 2572 272 2613 tab.
297 2574 377 2612 chr.
404 2577 445 2613 et
471 2575 618 2613 Grotef.
644 2585 682 2623 p.
709 2574 793 2612 470.
820 2585 853 2611 a.
