1643 2959
691 259 992 301 ..164-

187 372 299 411 liasta
324 372 410 421 ille,
449 369 515 406 ubi
541 367 616 405 alia
642 367 770 404 omnia
810 367 858 404 de
891 367 993 405 ludis
1033 367 1289 406 saecularibus
1325 369 1497 419 protulit,

188 433 320 470 subito
342 430 479 468 transit
505 428 554 465 ad
580 428 695 466 haec:
749 428 912 478 „Itaque
939 438 1056 476 quum
1081 428 1280 474 Augustus
1311 429 1359 466 ab
1384 431 1498 467 Actio

185 493 294 540 Epiri
321 489 583 538 promontorio
620 491 799 537 superato
825 489 995 526 Antonio
1031 490 1134 525 esset
1158 488 1281 525 victor
1304 499 1497 539 reversus,

183 552 294 590 ludos
330 551 500 587 scenicos
534 550 678 586 Romae
713 549 920 587 celebravit
953 550 994 586 in
1026 550 1216 587 honorem
1241 548 1437 596 Apollinis
1459 552 1500 587 et

185 614 365 659 Dianae,
401 611 471 647 sed
495 610 702 658 praecipue
727 610 940 661 Apollinis,
976 609 1079 658 quod
1104 611 1259 658 putaret
1292 620 1334 646 se
1361 608 1410 646 ab
1433 609 1500 646 illo

184 671 391 720 praecipue
417 671 536 707 fuisse
565 671 766 707 defensum
792 673 831 706 et
856 672 1014 718 propter
1048 671 1118 707 hos
1144 670 1255 707 ludos
1283 671 1322 706 et
1347 679 1502 706 carmen

183 733 380 778 Augustus
408 732 519 768 divus
546 727 614 784 (cf.
643 731 692 767 ad
719 731 779 768 od.
810 731 844 780 1,
873 727 932 783 2.)
959 734 1050 768 tunc
1077 742 1162 768 esse
1189 730 1343 779 meruit,
1370 730 1413 766 in
1437 740 1504 766 cu-

178 792 242 839 jus
269 793 432 839 gratiam
456 792 640 829 Horatius
674 792 716 828 in
744 792 934 839 Capitolio
969 792 1166 829 decantari
1199 791 1291 828 fecit
1319 801 1347 826 a
1371 789 1502 838 pueris

183 855 222 889 et
247 853 385 901 puellis
412 853 486 890 hoc
521 862 674 889 carmen
709 863 731 887 a
758 863 799 887 se
835 852 1021 889 edoctis.''
1071 853 1177 889 Haec
1212 850 1391 899 equidem
1422 860 1501 886 non

182 913 348 949 dixerim
375 912 422 948 ab
448 913 628 960 imperito
655 912 808 948 homine
836 913 979 960 scripta
1005 923 1101 948 esse.
1131 912 1227 948 Sunt
1245 911 1348 948 enim
1373 910 1502 947 omnia

181 973 231 1010 ad
256 973 369 1008 fidem
394 973 628 1009 historicam.
679 972 904 1008 Eundemne
931 975 1060 1008 autem
1086 972 1269 1008 credibile
1296 973 1376 1020 est,
1403 981 1502 1018 quae

181 1034 287 1069 recte
316 1033 559 1080 scripsisset,
587 1042 634 1067 ea
660 1031 710 1067 ad
737 1031 863 1067 aliena
888 1034 1063 1079 tempora
1087 1028 1292 1067 retulisse‘!
1342 1031 1501 1067 Minime

182 1092 371 1139 gentium!
423 1093 518 1128 Esto
551 1092 681 1128 verbis
716 1092 1011 1139 postliminium!
1037 1113 1087 1120 —
1114 1092 1216 1135 Quin
1241 1103 1312 1140 per
1337 1102 1379 1127 se
1413 1101 1502 1127 con-

183 1154 412 1189 sentaneum
439 1154 498 1188 est
524 1152 675 1188 Horatii
710 1152 862 1188 Musam
896 1152 957 1188 die
990 1153 1056 1189 illo
1092 1152 1286 1201 sollemni,
1322 1162 1397 1199 quo
1421 1150 1503 1188 ludi

182 1213 335 1250 Actiaci
355 1214 519 1250 Caesare
547 1215 703 1250 auctore
721 1213 886 1261 primum
903 1213 1200 1262 celebrarentur,
1226 1223 1305 1248 non
1322 1212 1500 1249 tacuisse.

180 1274 241 1310 Ita
266 1275 407 1309 festum
434 1274 513 1319 egit
539 1273 662 1323 diem,
703 1284 780 1321 quo
811 1273 1001 1321 Apollinis
1036 1274 1220 1320 templum
1253 1273 1295 1309 in
1328 1272 1501 1309 Palatino

181 1333 444 1383 dedicabatur,
473 1345 586 1370 carm.
616 1335 651 1383 l,
679 1335 738 1370 31.
766 1356 816 1362 -
840 1336 900 1371 De
925 1334 1026 1370 ludis
1052 1334 1221 1370 Actiacis
1248 1334 1290 1370 ‘m
1313 1332 1500 1380 Apollinis

181 1394 365 1431 honorem
404 1394 592 1431 institutis
631 1395 706 1431 Dio
736 1396 841 1432 Cass.
870 1396 939 1444 51,
970 1395 1002 1430 1.
1043 1394 1137 1430 haec
1176 1393 1314 1430 habet:
1352 1393 1417 1429 καὶ
1443 1388 1503 1429 ἔπ’

180 1453 279 1503 αὐτῇ
306 1451 377 1505 (sc.
404 1453 549 1509 ἡμέρᾳ)
576 1452 636 1503 τῷ
660 1467 701 1492 τε
720 1454 948 1492 ’Λπόλλωνι
973 1452 1032 1504 τῷ
1051 1453 1196 1504 ’Λκτίῳ
1221 1453 1356 1504 τριήρη
1380 1465 1422 1491 τε
1437 1454 1503 1490 καῖ

179 1515 362 1565 τετρήρη,
390 1514 439 1552 τά
465 1527 505 1551 τε
533 1514 635 1551 ἄλλα
661 1513 710 1552 τὰ
736 1513 841 1563 ἑξῆς,
869 1518 983 1566 μέχρι
1010 1512 1212 1566 δεκήρους,
1239 1511 1282 1552 ἐκ
1307 1513 1386 1552 τῶν
1411 1512 1499 1564 αἲχ-

179 1576 376 1624 μιαλιύῖων
422 1575 518 1612 νεῶν
565 1575 752 1623 ἀνέθηκε·
808 1578 874 1613 καὶ
910 1574 1004 1613 ναὸν
1047 1573 1171 1624 μείζω
1225 1572 1497 1625 ᾠκοδόμησεν.

180 1634 315 1684 ἀγῶνά
341 1637 385 1672 τέ
407 1649 494 1672 τινα
520 1638 585 1673 καῖ
609 1635 798 1684 μουσικὸν
823 1638 889 1674 καῖ
913 1633 1115 1685 γυμνικὸν,
1151 1632 1415 1686 ἱπποδρομίας
1440 1649 1500 1682 τε,

180 1692 465 1746 πενταετηρικὸν,
507 1693 611 1746 ἱερὸν
650 1695 775 1748 (οὕτω
814 1695 889 1749 γὰρ
929 1695 1018 1742 τοὺς
1054 1693 1123 1743 τὴν
1162 1698 1312 1744 σίτησιν
1345 1695 1502 1747 ἔχοντας

185 1753 441 1807 ὀνομάζουσι)
470 1753 705 1802 κατέδειξεν,
726 1755 867 1795 ’Ἀκτια
893 1755 1010 1794 αὐτὸν
1036 1757 1500 1809 προσαγορεύσας.--

180 1816 303 1853 ταῦτα
327 1815 399 1865 μὲν
425 1814 587 1866 ὕστερον
621 1813 788 1865 ἐγένετο.
828 1820 873 1854 cs.
913 1820 1072 1865 interpr.
1114 1818 1150 1854 h.
1191 1819 1215 1855 1.
1256 1815 1337 1871 (ed.
1377 1819 1498 1855 Sturz.

181 1877 255 1913 vol.
283 1877 346 1914 VI.
382 1888 418 1925 p.
450 1876 468 1912 1
500 1888 554 1926 sq.
591 1880 669 1915 not.
707 1880 741 1916 3.
770 1881 803 1916 4.
833 1875 891 1930 5.)
931 1880 1085 1916 Sueton.
1115 1879 1199 1916 Oct.
1239 1879 1295 1916 18.
1337 1879 1395 1915 59.
1423 1879 1499 1916 Dio

182 1937 244 1986 51,
273 1937 331 1974 19.

283 2058 524 2096 cARMnN
549 2062 716 2099 XXIV·
758 2063 886 2111 „Qm's
911 2064 1137 2103 desiderio⁷⁷
1150 2065 1199 2102 ad
1215 2064 1415 2111 Virgilium
1432 2063 1496 2099 da-

182 2122 284 2169 tum,
320 2121 386 2167 qui
411 2131 597 2168 nuperam
624 2122 801 2165 Quintilii
834 2126 995 2161 mortem
1028 2126 1202 2174 lugebat,
1235 2137 1269 2161 a.
1297 2125 1380 2160 730.
1408 2133 1496 2159 con-

184 2180 367 2226 scriptum
393 2183 466 2231 est,
494 2182 682 2229 siquidem
701 2184 908 2226 Quintilius
934 2186 1037 2222 idem
1063 2188 1134 2234 est,
1163 2185 1209 2220 de
1240 2194 1314 2231 quo
1339 2184 1494 2220 Hieron.

186 2239 323 2275 Chron.
351 2242 492 2278 Euseb.
520 2243 570 2278 ad
596 2243 643 2279 ol.
674 2244 922 2282 CLXXXIX.
951 2242 1007 2297 (a.
1035 2256 1070 2281 u.
1100 2256 1131 2281 c.
1147 2245 1230 2281 730.
1250 2244 1309 2280 24.
1330 2255 1363 2280 a.
1385 2242 1496 2294 Chr.)

183 2299 279 2336 haec
305 2302 494 2347 prodidit:
539 2304 613 2353 „Q
652 2305 944 2354 cremonensis,
981 2306 1134 2353 i'irqile'z'
1167 2310 1203 2343 ec
1235 2306 1394 2342 Horatii
1422 2302 1496 2349 fa-

184 2361 366 2409 miliaria·j
392 2365 599 2401 moritur.”
625 2366 671 2401 cf.
699 2366 866 2402 Masson.
895 2367 962 2402 vit.
990 2378 1027 2414 p.
1043 2367 1127 2403 221.
1145 2367 1300 2404 Passov.
1313 2367 1391 2401 not.
1412 2364 1495 2401 152.

183 2420 392 2456 W‘eichert.
421 2421 467 2458 de
494 2425 581 2462 Var.
610 2428 649 2462 et
677 2427 781 2463 Cass.
809 2439 845 2475 p.
876 2427 946 2464 132
974 2438 1030 2476 sq.

284 2543 522 2579 GARMEN
555 2547 724 2584 XXVI-
767 2549 932 2596 „Musis
967 2550 1147 2586 amica-3⁷²
1181 2549 1363 2598 temporis
1397 2547 1495 2584 indi-

186 2601 285 2640 cium
311 2604 427 2642 habet
453 2605 493 2642 in
519 2617 554 2641 v.
583 2606 606 2643 3
634 2618 690 2655 sq.
727 2608 854 2659 Mitto,
882 2608 1019 2660 inquit,
1047 2611 1242 2648 tristitiam
1269 2613 1307 2647 et
1333 2611 1469 2658 metus,

1618 1366 1637 1453 *ut-311·
