1643 2959
703 238 987 280 —178—

186 353 346 392 Flaccus
378 351 492 389 odam
527 346 703 395 scripsit,
739 356 826 382 cum
859 344 989 380 villam
1018 343 1101 389 J’am
1138 344 1376 394 possideret,
1420 354 1509 383 con-

184 416 350 452 testante
376 425 412 449 v.
442 412 522 447 19.:

380 473 483 517 Ergo
510 468 719 515 obligatam
744 466 865 504 redde
889 466 980 504 Jovi
1006 465 1166 515 dapem,

382 532 592 578 Longaque
619 531 764 566 fessum
789 528 928 564 militia
952 528 1053 564 latus

448 594 615 640 Depone
638 592 712 628 sub
740 591 865 627 lauru
889 599 1003 638 mea,
1026 599 1099 625 nec

496 654 616 690 Parce
643 651 749 689 cadis
774 650 849 687 tibi
875 649 1087 686 destinatis.
1504 684 1507 686 ,

183 719 284 757 Nam
310 725 542 765 quamquam
567 714 664 750 haec
689 712 808 749 verba
833 711 949 758 paulo
979 709 1203 747 obscuriora
1238 711 1347 760 sunt,
1382 709 1438 746 ita
1469 712 1513 746 ut

179 779 262 827 jam
287 777 525 816 Scholiastae
551 775 593 812 in
618 774 694 811 alia
708 774 837 811 omnia
864 772 1070 810 inciderint
1085 767 1265 824 (Acron.-
1288 773 1332 807 ut
1346 772 1406 808 est
1418 769 1514 808 illud

182 840 334 887 Virgilii
363 835 451 890 [ecl.
481 838 518 888 1,
545 833 627 888 80]
660 835 749 884 „hic
776 837 906 871 tamen
939 834 1012 871 hac
1037 844 1188 870 mecum
1212 833 1358 881 poteris
1384 831 1514 880 requi-

185 912 316 939 escere
341 899 495 948 nocte”,
521 898 584 934 vel
611 898 714 933 certe
744 895 814 932 sub
841 895 1009 941 Augusti
1026 894 1215 944 victoria3
1241 895 1309 930 aut
1327 895 1511 941 tauquam

183 964 301 1011 poeta
324 960 465 998 invitat
481 958 646 995 amicum
661 957 731 994 sub
752 967 822 993 suo
839 951 1055 1007 carmine):
1083 955 1194 992 facile
1221 957 1352 991 tamen
1377 957 1437 990 est
1463 953 1514 990 ad

183 1021 496 1067 intelligendum,
531 1018 734 1055 Horatium
769 1018 816 1052 de
850 1017 961 1052 lauru
996 1027 1066 1051 sua
1106 1017 1290 1062 tanquam
1324 1015 1372 1051 de
1408 1017 1514 1051 certa

185 1083 299 1131 sede,
327 1081 375 1118 de
403 1080 507 1118 cadis
535 1077 760 1127 destinatis,
788 1077 1022 1124 omninoque
1050 1075 1099 1112 de
1127 1075 1225 1111 lauti
1251 1075 1419 1113 convivii
1445 1086 1514 1123 ap-

183 1144 322 1192 paratu
346 1152 427 1178 non
451 1140 625 1188 potuisse
661 1141 749 1175 ante
783 1138 911 1187 loqui,
949 1148 1063 1185 quam
1098 1139 1245 1173 certum
1279 1136 1515 1173 domicilium

183 1203 348 1241 haberet
382 1204 422 1239 et
455 1203 563 1238 curta
597 1199 680 1246 ejus
723 1200 897 1247 supellex
929 1198 1167 1234 Maecenatis
1209 1198 1439 1234 liberalitate
1472 1197 1515 1234 in

185 1263 486 1313 splendidiorem
518 1263 696 1310 promota
721 1262 836 1297 esset.
888 1259 1010 1307 Atqui
1035 1270 1069 1295 a.
1098 1259 1184 1295 715.
1217 1258 1438 1295 Maecenati
1463 1268 1514 1294 116

185 1325 360 1372 cognitus
394 1323 552 1372 quidem
585 1324 679 1359 erat.
739 1321 841 1358 Miro
875 1320 995 1366 igitur
1029 1331 1122 1356 casu
1155 1318 1317 1368 accidit,
1350 1321 1394 1355 ut
1427 1318 1514 1355 duri

183 1386 416 1433 interpretes
450 1384 514 1421 hic
548 1383 654 1420 etin
680 1381 932 1430 praecedenti
967 1381 1135 1417 carmine
1170 1380 1318 1416 misello
1352 1380 1514 1417 Horatio

183 1447 307 1495 ipsius
343 1445 502 1482 delicias
535 1445 665 1480 villam
700 1442 924 1490 eripuerint.
976 1443 1028 1479 Et
1061 1452 1148 1478 cum
1174 1441 1250 1477 alia
1275 1441 1398 1478 multa
1422 1441 1513 1491 sint,

184 1518 283 1557 quae
309 1507 506 1552 vulgarem
532 1504 795 1552 opinationem
820 1514 960 1540 vanam
987 1513 1072 1539 esse
1100 1501 1327 1552 ostendant,
1362 1502 1514 1538 mireris

185 1579 300 1618 sane,
328 1567 432 1615 quod
458 1567 628 1604 omnium
654 1566 800 1614 primus
824 1564 1048 1602 Grotefend.
1067 1575 1104 1611 p.
1125 1564 1209 1600 460.
1230 1563 1278 1600 ab
1297 1574 1344 1600 ea
1370 1563 1515 1600 disces-

185 1629 247 1666 sit.
301 1628 419 1674 Cujus
455 1640 501 1665 eo
534 1628 662 1664 minus
697 1627 831 1663 dubito
865 1626 950 1673 ipsa
975 1625 1095 1661 verba
1120 1624 1195 1660 huc
1221 1625 1513 1673 transscribere,

185 1700 261 1738 quo
288 1689 503 1726 accuratius
531 1688 681 1733 singula
705 1698 835 1724 rerum
867 1688 1062 1724 momenta
1094 1685 1317 1733 pensitavit.
1367 1685 1513 1733 Dispu-

184 1751 282 1787 tavit
308 1750 384 1786 ita:
429 1749 532 1798 „Die
557 1748 765 1797 Meinung,
802 1748 891 1784 dass
917 1748 1044 1784 Horaz
1073 1746 1194 1782 schon
1219 1746 1291 1782 715
1317 1745 1381 1783 od.
1407 1746 1453 1794 2,
1488 1746 1510 1782 7

184 1822 253 1849 zur
265 1810 514 1856 Begriissung
536 1809 661 1846 seines
680 1810 783 1845 alten
796 1808 995 1845 Freundes
1013 1810 1127 1844 unter
1139 1808 1295 1856 Brutus,
1315 1807 1384 1844 des
1401 1806 1513 1843 Pom-

184 1872 296 1921 pejus
314 1871 495 1921 Grosph.,
514 1870 709 1916 gedichtet
719 1869 833 1918 habe,
860 1870 1009 1906 zerfallt
1019 1869 1116 1906 auch
1126 1869 1432 1915 abgesehenvon
1441 1868 1512 1904 der

185 1933 349 1969 inneren
372 1931 616 1977 Vollendung
641 1931 709 1968 des
737 1931 968 1980 Gedichtes,
1005 1942 1051 1967 zu
1084 1930 1251 1967 welcher
1276 1931 1404 1966 Horaz
1429 1929 1514 1966 sich

187 1995 267 2030 erst
290 1993 368 2029 vicl
394 1994 524 2041 spater
556 1992 774 2042 befahigte,
811 1992 930 2028 schon
964 1992 1084 2029 durch
1119 1992 1195 2028 den
1227 1991 1355 2028 Inhalt
1381 1990 1450 2027 der
1474 1990 1509 2027 5.

187 2055 283 2104 Str.,
308 2054 350 2090 in
367 2054 533 2090 welcher
559 2054 628 2090 der
653 2053 773 2090 durch
798 2053 944 2099 lange
970 2053 1276 2100 Kriegsfiihrung
1293 2051 1510 2100 erschiipfte

186 2114 344 2152 Freund
377 2115 635 2161 aufgefordert
667 2115 786 2164 wird,
823 2115 864 2151 in
898 2115 1025 2151 seines
1060 2114 1250 2151 Lorbeers
1283 2113 1408 2150 Kiihle
1445 2111 1510 2148 bei

188 2175 314 2211 einem
330 2175 619 2212 freudenvollen
635 2176 764 2212 Mahle
783 2176 1045 2225 auszuruhen,
1071 2175 1237 2212 welches
1264 2184 1307 2209 er
1331 2172 1412 2208 ihm
1429 2174 1510 2208 erst

185 2235 286 2272 nach
322 2236 536 2283 Erhaltung
574 2236 642 2272 des
681 2237 810 2273 Sabin.
850 2238 972 2273 Gutes
1011 2235 1241 2272 anzubieten
1275 2233 1507 2270 vermochte.

186 2297 288 2334 Dass
320 2296 491 2345 Pompej.
527 2298 691 2345 Grosph.
731 2297 869 2333 keiner
907 2297 976 2333 der
1008 2296 1095 2333 friih
1129 2294 1509 2332 Zuriickkehrenden

187 2368 288 2406 war,
315 2356 426 2394 dasiir
450 2358 564 2405 biirgt
588 2358 696 2395 nicht
720 2369 794 2394 nur
820 2357 905 2394 sein
929 2358 1074 2406 Name,
1115 2355 1282 2393 sondern
1315 2356 1413 2392 auch
1439 2355 1509 2392 der

186 2417 395 2467 Umstand,
431 2418 519 2455 dass
552 2419 622 2456 ihn
654 2419 746 2455 Hor.
783 2418 1002 2468 spaterhin‚
1038 2419 1094 2455 als
1129 2429 1171 2454 er
1204 2416 1286 2453 sich
1311 2417 1381 2453 auf
1401 2417 1508 2453 scine

187 2479 346 2516 reichen
370 2479 492 2516 Giiter
516 2479 558 2516 in
582 2480 738 2517 Sicilien
763 2479 1078 2526 zuriickgezogen
1103 2479 1231 2528 hatte,
1264 2488 1326 2514 wo
1361 2488 1404 2513 er
1428 2477 1508 2514 ihm

188 2540 288 2577 noch
312 2540 385 2576 734
411 2535 554 2592 (epist.
590 2540 633 2589 l,
662 2541 720 2577 12.
748 2537 838 2592 22.)
873 2541 960 2577 dem
993 2540 1249 2577 Intendanten
1283 2538 1352 2575 der
1385 2539 1509 2576 Giiter

187 2600 381 2650 Agrippas
412 2601 536 2638 Iccius
569 2601 757 2651 empfahl,
799 2602 840 2637 in
874 2601 943 2638 der
977 2601 1034 2638 16.
1073 2601 1156 2638 Ode
1191 2600 1259 2637 des
1292 2600 1327 2637 2.
1364 2599 1407 2636 Β.
1443 2599 1506 2636 (116
