1643 2959
718 239 1006 278 —116-

197 350 368 396 terprete
395 348 527 384 Servio
548 345 731 393 Oppidio.
778 347 962 383 Fortasse
989 344 1144 381 Servius
1172 346 1280 382 brevi
1307 351 1525 395 antequam

197 412 327 447 satira
361 410 602 446 scriberetur
634 418 771 442 revera
804 408 977 442 mortuus
1014 407 1116 455 erat,
1164 405 1220 442 ita
1254 408 1296 442 ut
1330 408 1525 457 Agrippae

198 471 340 507 mentio
366 479 446 505 non
471 470 705 514 repugnaret
731 466 1071 503 verisimilitudini.

297 528 560 566 Saturnalibus
589 528 708 564 satira
734 530 834 565 facta
861 531 921 565 est
947 524 1006 580 (v.
1035 524 1108 579 5.)‚
1136 529 1176 563 et
1193 527 1350 575 quidem
1374 528 1416 564 in
1435 529 1527 565 villa

198 589 254 644 (v.
284 591 317 627 5.
347 592 386 626 et
413 585 509 641 10.)‚
538 599 636 636 quae
663 589 773 626 brevi
799 592 889 625 ante
915 591 1054 637 poetae
1081 599 1105 624 a
1130 589 1357 626 Maecenate
1375 589 1527 635 videtur

198 653 297 688 dono
324 651 414 687 data
441 662 539 687 esse.
592 651 686 697 Ejus
715 650 930 699 exornatio,
959 649 1189 697 aediumque
1226 650 1440 686 exstructio
1466 650 1527 686 vel

199 712 360 748 resectio
388 713 589 758 signantur
615 712 691 747 nisi
718 722 778 747 me
813 711 910 747 fallit
935 722 972 747 v.
1001 711 1109 747 307.:
1138 710 1328 760 »Λα-ἐρα,
1351 712 1529 758 primum

198 772 432 819 aedificas-s<
468 773 589 820 quue
616 784 687 820 per
702 773 903 809 biennium
929 773 1009 808 fere
1038 771 1197 808 durasse
1212 771 1377 808 videtur.
1429 772 1529 808 Nam

198 836 280 870 tum
307 834 474 883 demum,
502 845 589 870 cum
616 833 789 869 aedificia
817 835 920 869 sarta
947 835 1051 869 tecta
1078 834 1231 882 essent,
1261 832 1416 880 scripsit
1449 833 1529 869 Ho-

197 896 318 931 ratius
355 895 512 930 satiram
547 894 595 930 Π.
625 895 659 930 6.
682 896 802 943 „Hoc
828 899 921 931 erat
943 896 988 930 in
1013 893 1157 931 volis.“
1177 915 1227 922 —
1252 894 1424 930 Masson.
1459 894 1527 929 vit.

197 967 232 1004 p.
264 957 334 992 133
360 977 411 983 —
439 956 545 1004 135.,
572 955 787 1003 VVieland„
823 954 1023 990 Heindorf.
1059 966 1096 1001 p.
1125 955 1224 1003 278„
1252 955 1444 992 Vanderb.
1481 955 1530 991 ad

197 1017 258 1053 od.
287 1017 324 1065 2,
352 1017 386 1052 6.
417 1016 581 1052 eandem
608 1026 722 1062 quam
759 1025 830 1060 ego
859 1017 1144 1061 proposuerunt
1170 1016 1355 1062 temporis
1387 1016 1530 1052 descri-

197 1077 381 1125 ptionem.
434 1078 523 1113 Non
550 1077 643 1111 satis
680 1076 755 1111 sibi
783 1075 959 1111 constitit
985 1076 1141 1112 Passov.
1169 1076 1238 1112 vit.
1267 1087 1305 1123 p.
1331 1076 1420 1113 XII.
1449 1078 1528 1112 not.

197 1138 257 1174 28.
287 1139 325 1173 et
341 1139 420 1173 not.
440 1137 500 1173 66.
531 1136 615 1173 166.
636 1157 686 1162 -—
711 1136 911 1173 Kirchner.
932 1139 1079 1184 quaest.
1109 1148 1145 1184 p.
1168 1136 1225 1172 16.
1247 1134 1285 1186 ξ.
1304 1137 1364 1173 34.
1393 1133 1461 1188 (cf.
1490 1148 1528 1185 p.

198 1199 257 1235 28.
295 1196 330 1248 ξ.
367 1194 450 1250 52.)
488 1200 527 1233 et
571 1197 717 1233 Grotef.
762 1208 798 1244 p.
836 1197 920 1233 463.
958 1198 994 1234 b.
1040 1197 1198 1233 satiram
1234 1208 1268 1233 a.
1312 1197 1396 1233 722.
1433 1198 1529 1234 assi-

199 1261 374 1306 gnarunt.

300 1383 516 1421 SATIRA
542 1383 622 1419 lv.
667 1383 819 1432 „Unde
845 1388 883 1420 ec
907 1394 986 1431 quo
1018 1381 1201 1432 Catiusf‘
1229 1383 1270 1418 in
1296 1393 1373 1430 qua
1399 1385 1528 1431 poeta,

201 1449 244 1482 ut
267 1445 480 1482 Wuellneri
497 1445 625 1480 verbis
645 1447 731 1480 utar
758 1439 982 1493 (comment.
1004 1444 1051 1480 de
1070 1444 1218 1491 aliquot
1252 1455 1366 1480 carm.
1395 1445 1528 1481 Horat.

200 1495 378 1545 Dusseld.
409 1506 515 1543 1833.
545 1516 581 1553 p.
611 1503 682 1557 4.),
711 1505 1010 1551 gastronomiam
1047 1505 1127 1540 sive
1157 1504 1398 1552 disciplinam
1425 1504 1530 1552 pala-

201 1571 327 1604 torum
372 1567 570 1603 subtilium
607 1577 693 1602 cum
727 1566 767 1601 in
802 1567 1024 1601 universum
1068 1567 1149 1599 tum
1182 1565 1358 1611 inprimis
1405 1565 1531 1613 qualis

202 1639 248 1664 ea
272 1628 337 1664 illo
363 1630 536 1674 tempore
562 1627 706 1662 Romae
743 1629 824 1662 erat
859 1626 1035 1661 versibus
1063 1625 1174 1660 salsis
1210 1636 1254 1661 ac
1282 1626 1416 1661 facetis
1442 1637 1530 1674 per-

203 1687 400 1737 strinxit,“
427 1690 556 1723 tamen
572 1689 616 1722 ut
634 1698 699 1722 eos
720 1687 844 1735 simul,
874 1687 939 1734 qui
955 1685 1186 1722 libidinosae
1209 1686 1312 1722 vitae
1338 1686 1531 1723 illecebris

204 1749 353 1786 deliniti
379 1749 536 1795 Epicuri
562 1758 703 1783 nomen
730 1747 900 1783 moribus
929 1747 1007 1783 suis
1034 1747 1347 1796 praetenderent,
1375 1747 1530 1795 oblique

203 1812 379 1855 tangeret
414 1811 453 1844 et
481 1808 676 1844 derideret
711 1805 766 1858 (v.
795 1807 892 1860 95),
918 1830 969 1835 -
1000 1819 1073 1855 per
1102 1820 1139 1844 a.
1176 1809 1279 1845 722.
1315 1811 1531 1856 composita

205 1881 289 1906 esse
316 1869 480 1905 videtur.
535 1869 775 1915 Quamquam
800 1880 849 1904 ne
877 1871 1028 1914 egomet
1063 1869 1146 1916 ipse
1184 1869 1340 1916 quidem
1365 1869 1406 1905 in
1433 1869 1530 1906 hanc

205 1931 526 1978 computationem
555 1929 776 1976 juraverim.
837 1930 983 1966 Nititur
1022 1930 1125 1966 enim
1168 1941 1214 1966 ea
1254 1932 1404 1966 tantum
1438 1940 1528 1967 con-

198 1992 362 2039 jectura,
390 2002 502 2038 quam
531 1991 577 2027 de
605 1992 830 2027 Sermonum
865 1990 1106 2027 ordinatione
1143 1991 1297 2038 saepius
1331 1990 1526 2038 proposui.

205 2053 311 2089 Idem
337 2054 467 2087 tamen
492 2052 635 2099 placuit
662 2051 898 2088 Grotesendo
933 2064 969 2099 p.
999 2053 1083 2088 465.
1111 2052 1163 2100 b.,
1200 2052 1262 2088 cui
1295 2052 1337 2087 in
1362 2063 1408 2088 eo
1434 2062 1527 2099 quo-

207 2124 280 2160 que
308 2113 517 2160 assentior,
545 2113 647 2159 quod
674 2113 721 2148 ab
749 2113 909 2148 Horatio
937 2113 1006 2148 sub
1040 2114 1141 2150 Catii
1174 2123 1338 2158 persona
1370 2113 1527 2149 Catium

206 2175 425 2211 Insubrum
450 2175 694 2220 Epicureum
722 2173 959 2208 intellectum
995 2185 1079 2209 esse
1108 2172 1215 2208 dixit.
1269 2173 1368 2208 Nam
1402 2172 1528 2219 philo-

209 2235 370 2282 sophum
404 2246 489 2270 esse
526 2234 676 2270 Catium
710 2235 1002 2282 Horatianum,
1037 2233 1279 2279 ingeniosum
1307 2236 1345 2268 et
1373 2233 1527 2270 doctum

209 2292 266 2348 (v.
294 2295 328 2330 7.
356 2292 459 2345 88),
496 2295 595 2331 clare
638 2296 798 2341 apparet
833 2305 853 2329 e
888 2306 987 2330 vers.
1031 2294 1048 2330 1
1077 2315 1127 2320 -
1152 2294 1187 2329 9.
1240 2294 1322 2330 Nec
1354 2295 1527 2341 profecto

210 2367 259 2392 ex
283 2366 382 2392 vano
408 2355 582 2391 hausisse
610 2355 845 2392 Scholiastae
881 2355 1043 2402 putandi
1072 2357 1180 2404 sunt,
1208 2355 1274 2401 qui
1303 2355 1451 2391 Catium
1476 2375 1527 2383 —·

210 2416 272 2453 cui
296 2416 338 2452 in
362 2427 438 2452 uno
466 2416 608 2451 scholio
625 2419 756 2454 Marci
774 2427 1009 2464 praenomen
1025 2415 1208 2452 tribuitur
1223 2436 1274 2443 —-
1293 2415 1526 2462 Epicureum

210 2477 328 2514 fuisse
362 2479 401 2513 et
424 2481 613 2525 quattuor
639 2479 760 2514 libros
787 2479 835 2513 de
864 2488 1002 2514 rerum
1036 2481 1189 2513 natura
1223 2480 1261 2512 et
1295 2478 1344 2513 de
1368 2488 1525 2514 summo

211 2540 312 2576 bono
346 2537 544 2585 scripsisse
578 2537 745 2573 tradunt.
797 2536 917 2582 Atqui
950 2540 1105 2584 praeter
1139 2537 1289 2574 Catium
1322 2537 1524 2575 Insubrum

210 2599 453 2648 Epicureum,
479 2598 585 2645 cujus
611 2608 794 2646 nuperam
811 2598 970 2633 mortem
998 2597 1130 2634 Cicero
1156 2597 1197 2634 in
1223 2598 1333 2646 epist.
1363 2598 1411 2635 ad
1434 2600 1522 2635 fam.
